3018 4572
390 374 471 453 206
596 347 669 453 Dev
686 361 866 446 veteribus
884 373 942 448 H
941 345 1093 448 irretitis

388 485 525 598 petia:
545 481 726 592 quamvis
744 505 899 560 cerrum
920 477 967 559 srt
983 481 1210 562 Haercticos
1230 481 1329 566 olim

389 591 593 678 adulteras
622 615 762 672 manus
787 595 830 671 in
857 588 987 671 sacros
1014 592 1174 676 codices
1194 598 1326 678 immi-

389 700 481 790 ὥς.
586 815 764 918 Semndae
781 828 917 918 Partis
934 817 1142 953 Conclufio.

485 1049 683 1136 Otuiffem
701 1051 816 1166 plura
830 1051 911 1133 hoc
927 1056 970 1132 in
981 1049 1074 1133 loco
1092 1081 1324 1167 congerere,

483 1193 528 1250 ut
543 1170 754 1250 Sacrorum
770 1163 932 1246 illorum
952 1164 1165 1271 codicum,
1183 1167 1325 1280 quibus

387 1285 514 1363 utitur
527 1276 711 1382 Ecclefia,
721 1281 995 1391 integritatem
1007 1275 1152 1360 sartam
1162 1283 1324 1363 tedam-

386 1419 466 1506 que
489 1389 564 1474 effe
585 1389 860 1493 ostenderem,
878 1386 946 1472 scd
967 1418 1096 1505 pauca
1114 1391 1199 1476 hac
1219 1392 1320 1484 suffi.

382 1510 492 1586 ciant
503 1505 556 1586 ad
567 1500 862 1584 confutandum
873 1531 1024 1585 novum
1037 1507 1146 1587 Petri
1158 1505 1322 1588 Custan-

382 1622 429 1699 tii
446 1615 731 1733 paradoxum,
756 1642 838 1726 quo
859 1611 993 1697 censet
1020 1616 1211 1729 suspectos
1232 1618 1321 1704 fore

378 1731 626 1814 Divinorum
660 1726 875 1812 Librorum
909 1727 1069 1810 codices
1097 1759 1264 1839 omnes,
1292 1733 1320 1815 fi

381 1843 547 1956 quidam
563 1870 613 1924 ex
635 1840 713 1922 illis
736 1842 922 1924 dicantur
942 1839 993 1922 ab
1014 1843 1226 1926 Haereticis
1246 1842 1319 1926 adss

379 1955 553 2038 ulterati.
574 1953 701 2068 Quod
718 1959 788 2068 qui
797 1953 992 2059 ait,idem
1012 1956 1235 2040 contendat
1247 1985 1318 2042 ne-

339 2062 343 2070 ’
380 2063 480 2151 ceffe
491 2065 561 2172 est,
570 2091 777 2149 monetam
792 2094 956 2149 omnem
967 2067 1019 2149 ab
1039 2097 1088 2151 eo
1104 2067 1316 2181 suspectam
1398 2107 1403 2122 ·

337 2193 358 2206 “’
378 2179 610 2265 habendam
629 2173 727 2283 effe,
746 2183 814 2292 qui
830 2178 987 2290 aliquot
1005 2179 1169 2260 existere
1187 2175 1313 2258 fatea-

338 2307 356 2318 ”
379 2309 446 2378 tu'r
471 2293 705 2384 adulterinae
730 2313 903 2372 monetae
927 2286 1200 2370 fabricatores,
1236 2289 1315 2372 Sed

340 2421 344 2430 '
410 2406 480 2489 uid
509 2417 597 2522 ego'
619 2399 848 2512 hujusmodi
877 2403 1222 2514 comparationem
1252 2407 1315 2485 in.

380 2436 510 2602 duco?
537 2521 705 2600 Certum
722 2514 779 2597 est
791 2512 919 2618 illius,
964 2518 1003 2594 ui
1021 2510 1227 2594 codicibus
1246 2519 1313 2599 Sa.

378 2641 455 2733 cris
474 2630 657 2711 omnibus
672 2542 1031 2742 suspicionemiaisr
1044 2652 1209 2740 propter
1221 2629 1315 2711 Haess

377 2749 596 2827 reticorum
629 2739 901 2854 quorumdam
931 2735 1163 2832 falsatorum
1194 2741 1318 2854 perii:

376 2859 486 2938 diam
501 2849 708 2966 aspergere
720 2845 838 2958 velit,
858 2857 1088 2968 opinionem
1102 2853 1232 2936 multb
1242 2883 1313 2970 po.

375 2971 468 3048 tiori
486 2967 573 3074 jure
590 2961 665 3050 e'ss'e
684 2967 943 3073 rejiciendam
966 3036 978 3072 ,
1007 2967 1126 3091 quam
1144 2968 1318 3080 ejusqui

340 3099 345 3108 “
373 3107 560 3160 nummos
577 3109 716 3163 omnes
736 3078 878 3160 dubios
900 3085 1132 3163 &incertos
1157 3075 1231 3160 effe
1246 3081 1311 3162 id-

373 3197 483 3276 circo
501 3194 787 3298 contenderet,
802 3198 896 3306 quia
912 3193 1077 3306 quidam
1098 3187 1185 3273 sunt
1199 3187 1315 3275 adul-¹

375 3311 503 3392 terini.
521 3311 683 3423 Qippe
706 3305 815 3420 leges
831 3307 1064 3423 acregulaeg,
1082 3303 1223 3418 quibus
1236 3307 1315 3395 ad-.

374 3421 548 3504 ulterina
568 3444 734 3504 moneta
763 3421 791 3500 ‘a‘
805 3427 806 3432 '
820 3446 914 3502 vera
934 3419 1205 3532 dijudicatur,
1225 3449 1312 3510 non

373 3539 431 3624 ita
446 3529 691 3636 certae'sunt,
714 3556 759 3616 ut
779 3535 847 3646 qui
871 3537 913 3614 in
931 3531 1008 3620 h'ac
1029 3557 1115 3639 arte
1132 3535 1308 3624 maximi:

374 3647 517 3730 versati
534 3644 647 3751 sunt,
666 3655 749 3728 n'on
765 3643 907 3762 poffint
929 3631 1015 3728 fadi
1035 3645 1244 3729 interdum
1262 3675 1314 3741 au

372 3757 506 3843 fucata
524 3764 608 3844 veri
630 3757 758 3872 specie
774 3752 927 3870 decipis
945 3755 1102 3845 contra
1118 3755 1218 3840 verb¹
1236 3761 1308 3843 Ec-
