3012 4574
316 324 541 438 Ecclefiastic.
557 327 725 410 Codicum
742 326 1019 432 Comparibus.
1075 355 1143 432 301

211 436 405 518 lumniam
418 435 661 521 accusarunt.
692 437 1146 553 Quaecalumniaineo-

211 579 330 652 rum,
360 554 429 661 qui
448 575 659 633 texuerant
679 550 943 667 opprobrium
959 554 1080 635 vertit
1106 559 1147 634 &

213 659 432 744 infamiam.
456 666 569 746 Nam
585 662 680 745 crim
700 669 759 748 rei
776 666 990 746 veritatem
1016 661 1145 744 AEiia.

212 801 285 855 nus
301 771 518 858 Proconsul
534 772 630 885 juffu
646 773 902 860 Constantini
913 773 1147 896 diligentius

211 883 560 1000 perscrutaretur,
596 895 638 970 &
675 891 854 1001 impacta
888 889 1148 971 accuratioris

212 998 497 1112 probationem
526 1003 749 1111 requireret
768 1017 812 1104 ²,
838 999 989 1082 induar
1013 993 1148 1082 sunta

213 1110 437 1194 Donatistis
470 1115 569 1194 varii
603 1110 745 1216 testes,
776 1136 898 1224 atque
921 1114 1027 1196 inter
1049 1109 1148 1192 alios

213 1223 449 1305 subornatus
469 1224 526 1305 est
551 1227 756 1337 Ingentius
775 1222 1034 1338 Ziquensrum
1053 1228 1149 1306 civi-

215 1340 308 1418 tatis
326 1337 532 1440 Decurio,
561 1335 701 1418 Scriba
721 1335 931 1448 publicus,
950 1333 1020 1421 sed
1035 1333 1150 1420 falsa-

214 1451 316 1549 rius,
335 1472 381 1528 ut
398 1445 608 1530 manifeste
628 1450 680 1531 de
708 1445 919 1533 rehensum
936 1448 1004 1532 est.
1037 1509 1041 1514 -

270 1557 346 1640 Iste
356 1584 454 1673 ergo
464 1558 559 1644 Alfii
571 1475 826 1644 Caeciiianiin
838 1565 1056 1674 municipio
1067 1559 1151 1642 Au.

214 1675 533 1756 tumnitanorum
568 1676 787 1756 Duumviri
819 1671 1037 1785 Epistolam
1063 1698 1152 1784 pro-

216 1781 361 1881 duxit,
408 1815 495 1898 quae
525 1789 746 1870 etiamnum
770 1783 896 1868 hodie
924 1782 1071 1896 legitur
1096 1788 1154 1866 in-

215 1917 331 2008 tegra
357 1900 399 1978 in
424 1903 538 2004 Gestar
563 1910 792 2010 purgationis
819 1894 964 1980 Felicis.
995 1901 1090 2009 Qua
1111 1900 1155 1978 iu

215 2006 390 2120 Epistola
407 2008 533 2091 Alfius
554 2007 757 2092 inducitur
781 2003 954 2092 scribens
977 2007 1032 2092 ad
1050 2005 1154 2094 Feli-

216 2146 305 2202 cent
324 2118 382 2222 se,
406 2122 503 2202 dum
520 2144 677 2235 gereret
694 2127 769 2208 Ma
797 2119 1004 2225 istratum,
1027 2121 1154 2204 tradi-

215 2254 278 2312 tos
294 2231 410 2344 ipsius
426 2235 566 2316 Felicis
584 2235 707 2347 opera
723 2147 867 2318 Lifiros
885 2236 1025 2316 Sacros
1044 2259 1156 2320 acce·

214 2341 321 2457 piffe,
335 2353 374 2426 &
384 2347 498 2456 juxta
507 2349 802 2459 Imperatorum
817 2344 954 2429 Edicta
970 2344 1155 2430 combus-

215 2451 308 2540 srffe.
334 2455 550 2544 Manifesta
594 2455 776 2561 robatio,
794 2457 824 2539 sr
837 2456 963 2540 modo
982 2457 1156 2572 fipistola

217 2574 329 2652 omni
341 2596 391 2652 ex
408 2593 524 2684 parte
588 2567 673 2652 iffet
686 2595 800 2672 vera,
821 2597 897 2652 nec
916 2569 1155 2656 adulterata.

215 2677 368 2764 Alfium
387 2683 403 2730 ⁵
420 2710 464 2765 er
492 2711 519 2762 o
540 2680 759 2766 Proconsul
784 2685 1035 2796 interrogat,
1061 2686 1153 2796 Epi-

197 2791 432 2876 ·stolam-ne
459 2709 685 2907 peripserit3
712 2794 835 2897 dixit,
863 2797 1035 2908 primam
1067 2799 1154 2906 qui.

218 2905 313 2988 dem
338 2907 421 3016 ejus
440 2929 619 3022 partem,
645 2905 870 3022 postulante
892 2904 1106 3020 ingentio,
1131 2907 1154 2989 a

218 3015 256 3099 sc
284 3017 474 3101 dieiatam
501 3015 636 3102 fuiffe:
668 3019 838 3126 alteram
863 3021 987 3122 vero,
1012 3023 1154 3134 inqua

219 3131 332 3213 Libri
355 3134 464 3215 Sacri
484 3129 671 3214 dicuntur
691 3133 831 3218 Felicis
848 3127 994 3217 scelere
1014 3137 1154 3216 traditi

218 3251 260 3326 &
282 3244 428 3348 exusti,
455 3272 507 3326 ne
536 3249 618 3328 avit
636 3241 824 3361 scriptam
847 3242 927 3330 ase
946 3244 1010 3332 vel
1029 3245 1151 3328 dicia-

221 3378 317 3440 tam.
347 3355 440 3440 Aifii
461 3272 689 3442 tefiimonio
702 3361 903 3444 convietus
925 3362 1153 3471 ingentius,

237 3571 360 3648 'Optat
376 3567 411 3630 de
427 3566 542 3630 schism.
556 3571 663 3632 Donat·
704 3589 770 3652 pag.
793 3587 847 3642 ης.
868 3575 925 3630 &e.

219 3649 268 3744 lib.
282 3671 311 3744 Ιι.
324 3667 443 3744 c2p3t7.
463 3649 547 3710 Gesta
566 3581 694 3813 purga-l
724 3652 736 3691 ¹³
759 3653 842 3712 cena
859 3671 941 3732 purg.
964 3652 1060 3714 Felicis
1079 3649 1152 3734 epu(

219 3751 303 3794 tronis
324 3731 444 3804 Felicis,
472 3731 547 3810 apud
565 3736 662 3811 Optat.
706 3737 805 3818 Optat·
812 3753 877 3816 pag.
891 3748 952 3805 ²55·
965 3739 993 3798 δι
1004 3729 1063 3824 seq.
