2896 4562
268 326 369 410 Ecclr
382 329 491 434 rustic.
510 324 678 406 Codrum
697 325 974 428 Comptoribus.
1021 337 1086 436 561

160 435 213 520 sus
232 437 380 519 homo:
401 438 451 520 iic
470 440 591 518 etiam
615 435 886 519 doctrinarum
907 445 1089 526 omnium

159 575 276 660 atque
309 550 425 663 ipsius
449 547 671 661 Religionis
705 547 971 633 fundamenta
991 580 1090 636 con.

159 661 266 744 vellit
281 729 292 765 ,
310 665 379 774 qui
398 659 508 744 libris
523 659 708 741 omnibus
723 659 810 744 sassi
829 658 1087 775 suspicionem
1150 751 1152 764 ,

156 774 306 858 temere
331 773 514 886 aspergit.
532 772 706 857 Relinos
727 773 751 854 d
776 774 1000 882 Majoribus
1016 805 1088 859 no.

151 883 231 970 stris
253 885 377 968 libros
396 885 537 967 tandiu
557 911 631 998 pro
653 889 861 998 genuiniS,
881 915 956 1001 pro
983 893 1086 973 inte.

151 1003 246 1114 grie,
256 1027 331 1113 pro
349 1003 466 1080 certis
486 995 660 1111 ipsorum
681 994 845 1079 foetibus
862 999 1003 1083 haberi
1014 1003 1086 1086 de-

151 1135 234 1215 cet,
249 1110 430 1223 quandiu
442 1136 524 1190 non
543 1107 699 1192 constat
712 1109 860 1222 spurios
868 1111 1087 1218 esse,adul.

149 1246 323 1326 teratos,
348 1247 418 1304 aut
437 1227 624 1302 incertos.
655 1224 803 1306 Peccat
820 1220 915 1306 san‘e
942 1232 1010 1337 qui
1034 1229 1085 1312 li-

149 1337 262 1418 bruni
282 1336 552 1418 adulterinum
579 1355 649 1416 aut
670 1348 906 1450 corruptum
928 1341 1084 1424 temere

148 1451 298 1562 ingerit
320 1438 395 1562 pio
418 1473 515 1556 vero
538 1452 579 1529 &
605 1449 788 1560 integro:
813 1447 881 1532 sed
904 1457 1084 1564 graviter

145 1585 285 1674 peccat
305 1586 492 1674 quoque,
512 1561 582 1672 qui
597 1584 805 1674 receptum
822 1561 1082 1668 dMajoribur

146 1696 337 1787 tanquam
357 1676 574 1786 genuinum
595 1701 693 1785 opus
709 1671 898 1782 aliquod,
911 1699 980 1757 aut
1000 1677 1082 1762 s1ne

145 1786 291 1870 idonea
314 1785 554 1900 probatione
580 1781 737 1866 accunt
762 1783 872 1886 falsi,
903 1813 973 1868 aut
999 1789 1081 1875 sine

140 1898 319 2012 legitima
339 1897 453 1979 causa
465 1895 679 2008 suspectum
689 1895 824 1978 habet.
837 1899 1002 2012 Duplex
1013 1930 1080 1984 au.

143 2034 223 2096 tem
248 2011 364 2092 causa
382 2009 439 2092 est
455 2013 675 2121 praecipua,
696 2033 995 2122 propterquam
1008 2041 1097 2094 an...

141 2129 346 2238 tiquorum
387 2126 634 2234 Scriptorum
671 2147 795 2236 opera
825 2122 905 2204 dici
937 2125 1079 2237 poffint

138 2237 391 2322 adulterata:
413 2238 565 2348 prima,
583 2232 609 2314 fi
625 2231 741 2343 hujus
760 2233 852 2316 sadi
873 2236 978 2319 testis
995 2237 1077 2322 fide

139 2351 283 2466 dignus
306 2347 579 2464 producatur:
599 2345 754 2451 altera,
775 2347 801 2428 fi
825 2347 930 2429 libro
949 2351 1001 2431 ad
1018 2349 1076 2436 se-

137 2489 239 2546 verae
259 2491 305 2544 ac
323 2463 529 2575 prudentis
546 2463 702 2541 critices
719 2487 905 2552 normam
923 2470 1075 2545 exami.

139 2597 238 2655 nato
256 2639 269 2674 ‚
288 2573 482 2654 haerentia
503 2575 632 2650 textui
657 2569 808 2648 fraudis
828 2572 989 2684 vestigia
1007 2575 1076 2658 de-

165 2683 452 2767 rehendantur.
472 2681 552 2761 Ubi
573 2703 708 2760 autem
734 2679 960 2762 testimonia
988 2713 1072 2768 am.

134 2713 257 2910 digua
273 2792 362 2876 sunt
377 2861 388 2898 ,
406 2819 481 2892 nec
499 2790 650 2874 fraudis
667 2789 828 2905 vestigia
845 2793 968 2908 plane
985 2825 1071 2881 cer-

132 2937 205 3016 ta,
226 2907 415 3022 suspedus
444 2907 591 2989 dicitur
620 2902 743 3009 liber,
764 2933 849 2987 non
868 2913 1072 2995 conviuus

129 3024 230 3109 falsi.
499 3041 517 3102 .'

189 3136 351 3222 Testem
367 3129 447 3216 fide
462 3123 628 3246 dignum
641 3131 733 3213 dico
746 3169 754 3214 :
768 3160 852 3214 non
873 3161 987 3241 euni,
1031 3145 1071 3223 ui

129 3249 199 3340 vel
224 3255 399 3333 incertos
423 3251 644 3328 temerariae
667 3241 792 3357 piebis
822 3169 1070 3337 rumuscusos

129 3363 303 3478 colligat
321 3358 550 3476 improvide
571 3405 581 3464 5
600 3358 663 3440 vel
679 3425 690 3460 ,
709 3358 820 3468 quod
847 3362 956 3474 pejus
984 3365 1068 3471 est,

125 3473 320 3560 subdolus
338 3471 418 3588 ipse
442 3470 746 3551 mendaciorum
766 3472 933 3579 artifex,
949 3473 1068 3560 fabri.

124 3615 240 3671 tatas
269 3586 347 3671 ase
368 3583 522 3668 fabulas
543 3580 701 3698 spargat
724 3575 1006 3695 impudenter,
1026 3598 1067 3676 &

123 3727 326 3816 tanquam
337 3725 450 3784 veras
470 3695 493 3778 d
515 3695 746 3820 Lestoribps
760 3698 921 3780 admitti
936 3702 1065 3817 postu.

671 3811 900 3946 ¹Nn
