2896 4562
396 293 417 326 ,Ο

303 353 406 437 Ecrlc
419 355 529 460 rastic.
546 351 716 436 Codicum
730 351 1013 458 compuribus.
1057 363 1139 464 ,625

184 526 186 530 ,
256 457 415 550 Verum
428 464 622 575 ejusmodi
639 463 867 580 testimonia
883 494 966 562 non
1008 469 1138 555 ossunt

201 573 276 659 esse
302 577 462 683 multa5
490 603 614 682 nam,
640 599 686 660 ut
714 573 889 691 superius
916 495 1137 665 obsdrvavi.

172 732 176 741 «
199 715 314 794 mus,
322 694 557 804 contingere
575 717 658 770 non
677 694 832 803 potuit,
847 713 893 772 ut
909 695 1045 774 omnia
1065 695 1137 778 Pa

199 823 306 883 trum
327 799 568 917 scripta,vel
587 802 784 910 majorem
796 801 959 888 istorum
977 825 1135 918 partem

198 913 360 1024 perfidis
377 913 528 996 artibus
547 913 619 998 suis
637 913 913 998 adulterarent
928 919 1133 1004 Heretici.

199 1027 350 1138 Neque
367 1027 428 1106 his
451 1024 533 1108 sola
555 1023 688 1108 obfuit
707 1020 1016 1110 Catholico'rum
1039 1033 1134 1145 vigi.

196 1137 323 1220 iantia
340 1185 350 1244 5
368 1135 436 1220 sed
455 1137 585 1220 multi>
609 1142 734 1251 magis
757 1138 893 1221 divina
920 1144 1134 1254 providen.
1215 1249 1218 1254 Ι

197 1254 254 1332 tia
269 1315 282 1354 ,
298 1279 386 1363 quae
406 1277 481 1332 nec
497 1277 663 1364 pravam
681 1256 722 1332 in
738 1251 911 1334 Ecclesia
929 1253 1133 1342 doctinam

196 1357 465 1468 invalescere,
494 1389 571 1459 nec
594 1361 738 1449 violari
763 1363 1025 1450 instrumenta
1056 1371 1131 1450 do.

193 1477 328 1556 urina
344 1481 384 1557 &
403 1472 489 1558 fieri
501 1479 624 1556 noxia
644 1475 742 1560 sinit.
755 1478 804 1558 Et
817 1476 913 1558 veri>
934 1479 996 1560 vel
1009 1503 1133 1566 unum

194 1583 270 1671 effe
299 1592 342 1668 in
370 1583 479 1669 libris
496 1588 712 1670 Canonicis
736 1588 900 1693 locum,
923 1587 1133 1680 ubierro'r

193 1697 510 1814 irrepserit,quo
529 1697 621 1782 sana
639 1700 819 1784 doctrina
831 1702 892 1783 vel
904 1705 1129 1817 pietasmo-
1167 1693 1171 1724 '

194 1840 285 1894 rum
306 1817 512 2006 corrumfii
536 1813 676 1926 poffit,
696 1817 878 1926 opinari,
899 1815 982 1897 imi>
1013 1815 1130 1934 suspi.

195 1927 277 2030 cari
304 1925 414 2007 nefas
447 1953 468 2008 e
518 1964 528 2030 3
550 1928 644 2036 quia
671 1922 767 2006 cum
795 1928 930 2014 Sacrae
956 1930 1130 2014 Litteras

190 2039 306 2146 Deus
328 2036 509 2122 Ecclefiae
530 2037 773 2141 tradiderit,
801 2063 992 2152 tanquam
1019 2039 1130 2128 suum
1185 2049 1208 2073 '²

191 2149 308 2344 {istus
321 2148 565 2252 sermonem,
579 2173 701 2263 atque
716 2151 820 2232 odeo
836 2175 1029 2266 tanquam
1047 2183 1131 2242 cre-

223 2264 319 2348 endi
338 2291 385 2344 ac
403 2262 578 2366 docendi
595 2288 781 2345 normam
804 2267 1127 2378 nunquamdefi,

192 2379 367 2462 cientem
382 2421 399 2483 5
423 2375 452 2459 s1
479 2374 543 2470 vel
569 2372 688 2458 semel
714 2373 903 2489 profanas
928 2384 1128 2466 novitates

190 2513 261 2568 aut
280 2487 744 2602 perversam⁸dodirinam
761 2494 1040 2597 continerent,
1057 2497 1128 2577 Ec»
1237 2511 1243 2525 ⁵

191 2598 308 2681 clefia
330 2628 416 2709 quae
436 2598 521 2701 his,
540 2598 665 2680 veluti
679 2599 849 2680 oraculis
866 2601 1033 2706 divinis,
1066 2605 1127 2689 se.
1242 2645 1244 2647 ·

190 2737 286 2792 nam
314 2709 436 2792 fidem
460 2708 613 2811 habet,
636 2712 678 2790 in
705 2735 887 2792 errorem
909 2739 1008 2798 nece
1039 2717 1125 2800 {trid

189 2824 472 2907 adduceretur.
491 2822 599 2904 com
619 2847 718 2934 ergo
742 2827 937 2906 unanimis
958 2828 1124 2912 Petrum

188 2933 397 3022 consensus
422 2932 649 3019 Pastoribus
674 2933 857 3019 Ecclesrae
884 2941 1005 3024 etiam
1028 2967 1121 3055 pro-

188 3074 449 3166 ponatur,ut
467 3073 577 3133 certa
594 3047 786 3156 credendi
808 3057 847 3132 δι
867 3049 1042 3134 docendi
1060 3083 1121 3139 re-

189 3159 1123 3280 guiardicendumestpariterfieriornninonon

187 3275 295 3392 posse
306 3344 317 3379 ,
329 3296 375 3358 ut
394 3301 533 3358 omnes
544 3299 613 3356 aut
623 3271 711 3354 seri:
726 3301 865 3356 omnes
880 3301 1020 3358 eorum
1031 3277 1123 3364 libri

186 3397 228 3472 in
238 3419 362 3472 unum
372 3387 546 3501 aliquem
556 3410 733 3468 errorem
743 3384 1006 3473 consentiant.
1016 3393 1125 3476 Con.
1184 3475 1186 3480 ,

111 3495 116 3498 ’
187 3499 379 3586 sentirent
396 3523 556 3602 autern,
573 3521 643 3580 aut
655 3499 767 3610 quod
786 3503 827 3579 in
843 3499 950 3582 idem
962 3507 1119 3586 incom-

185 3615 354 3698 modum
367 3613 535 3715 recidit,
552 3607 776 3694 consentire
797 3610 1030 3696 viderentur
1050 3642 1121 3699 no.

187 3727 272 3835 bis,
295 3727 324 3812 sr
350 3731 393 3812 in
422 3729 604 3810 omnium
628 3737 698 3807 au't
721 3719 810 3806 fere
836 3729 1017 3923 oninium
1043 3729 1118 3813 Pa.

930 3867 950 3918 r
982 3913 984 3918 .
