3018 4572
335 331 402 430 258
532 324 631 406 'De
644 323 824 404 veteribus
846 317 1056 407 Hareticis
1106 385 1109 390 -
1227 406 1231 420 ,

206 491 211 502 .
333 433 491 543 sinaris,
516 431 544 514 s1
562 427 714 517 Ulserio
732 436 954 542 credimus,
974 465 1059 520 non
1082 437 1179 524 levis
1200 435 1272 522 sus-

336 551 441 661 picio
462 545 529 630 est.
622 637 630 652 ,
1167 655 1170 661 ¹

407 690 434 742 1.
476 659 753 742 Genuinarum
789 658 1053 774 Epistolarum
1093 669 1271 784 interpo-

335 772 444 853 lator
471 771 679 854 Christum
705 777 933 856 Dominum
962 800 1081 857 vocat
1109 779 1273 888 quidem

337 895 460 969 Deum
490 884 681 988 Verbum,
712 896 837 971 Deum
869 899 1116 998 unigenitum,
1149 898 1273 973 Deum

334 1001 506 1102 noslruns,
530 993 605 1092 &a
636 997 713 1080 Sed
735 1001 893 1110 quoties
919 1025 1129 1110 germanus
1153 1004 1271 1112 Igna-

339 1115 415 1191 tius
437 1109 639 1206 Christum
658 1109 760 1192 dixit
778 1121 902 1197 Deum
921 1111 1000 1191 fine
1019 1110 1272 1192 additamen-
1404 1147 1407 1156 2

337 1246 405 1325 to,
425 1226 544 1304 toties
562 1222 634 1305 iste
649 1246 799 1305 nomen
817 1234 896 1309 Dei
913 1217 1133 1336 suppressit,
1156 1247 1202 1304 ut
1216 1226 1273 1302 vi-

162 1327 165 1334 ⁴
268 1381 270 1392 ‹
339 1334 434 1415 dese
451 1332 564 1416 estin
584 1334 757 1450 Epistola
771 1335 822 1416 ad
840 1340 909 1416 Sm
935 1340 1191 1441 rnaeos,&in
1206 1334 1275 1416 illa

340 1475 426 1557 quae
445 1448 497 1528 ad
515 1447 700 1560 Ephesios
716 1365 938 1557 scripttell.
964 1449 1128 1532 Deinde
1142 1445 1277 1562 spuriae

339 1558 392 1639 ad
406 1556 615 1641 Tansenses
634 1557 984 1671 Epistolaeanshor‚
1008 1589 1127 1672 quem
1141 1560 1191 1644 ab
1214 1565 1278 1664 In·

341 1671 589 1785 terpolotore
608 1674 835 1750 monuimus
855 1697 940 1752 non
957 1668 1032 1752 else
1055 1671 1277 1776 diversum,

341 1785 553 1866 contendit
576 1781 777 1884 Christum
798 1799 812 1832 ²
834 1813 904 1865 xnon
930 1780 993 1891 effi
1016 1787 1118 1864 idum
1140 1798 1207 1894 qui
1234 1791 1281 1895 est

334 1896 444 2007 βψω·
456 1910 576 1978 omnia
588 1893 1142 2010 Deus,&1²aser‚sed1olium
1157 1898 1277 2010 ipfius.

343 2008 459 2090 Idem
480 2006 637 2090 insalsa
663 2009 715 2090 td
739 2006 1010 2122 Philippenses
1032 2009 1207 2125 Epistola
1230 2010 1282 2090 sic

289 2135 315 2174 ’²
345 2116 413 2199 dis
431 2143 529 2200 utat.
555 2159 579 2192 «ι
601 2123 617 2169 ¹³
636 2121 862 2230 Quomodo
888 2120 1067 2224 tursum,
1095 2150 1179 2201 non
1206 2119 1280 2198 tibi

290 2247 315 2286 ’⁹
344 2235 382 2324 vi
413 2254 504 2311 etur
513 2224 589 2312 else
603 2227 783 2310 Christus
796 2253 846 2309 ex
856 2234 1031 2419 virpine,
1045 2231 1110 2310 sed
1125 2229 1193 2310 ille
1210 2230 1279 2354 qoi
1366 2305 1370 2311 .

290 2361 316 2398 ¹²
343 2339 531 2452 estsuper
563 2345 699 2420 omnia
721 2341 856 2442 Deus,
886 2337 914 2418 il
932 2365 955 2421 e
974 2337 1122 2422 scilicet
1143 2366 1281 2422 omma

290 2471 315 2508 ’⁹
344 2476 510 2566 potens.²
533 2455 633 2564 Quis
645 2453 742 2566 ergo
757 2447 839 2555 est,
860 2455 929 2562 qui
942 2450 1051 2533 hunc
1073 2450 1199 2557 misit,
1224 2451 1283 2532 di·

291 2579 318 2618 ”
346 2571 452 2671 cito3
475 2563 630 2677 quisve,
681 2568 721 2646 ui
736 2565 830 2646 huic
849 2562 1104 2669 dominatur,
1131 2565 1194 2648 vel
1217 2593 1283 2648 cu·

293 2691 318 2732 ¹·
346 2679 406 2789 jus
434 2679 635 2761 sententiae
652 2591 854 2783 lubjenus
876 2674 974 2781 suit,
1003 2702 1073 2760 aut
1096 2678 1204 2789 cujus
1225 2676 1282 2760 le-

293 2808 319 2848 ’2
374 2818 438 2873 em
454 2791 713 2904 adimplevit?
739 2828 768 2864 ,ι
789 2788 915 2873 Certh
941 2793 1010 2902 qui
1025 2813 1148 2904 negat
1169 2791 1285 2874 Chri-

345 2820 447 2986 sium
466 2898 541 2986 else
559 2913 683 2988 Deum
696 2903 963 3015 superomnia,
982 2895 1058 2985 else
1076 2914 1285 3008 omnipoten-

348 3041 442 3114 tem,
463 3019 533 3128 qui
546 3013 760 3097 Christum
784 3021 907 3099 Deum
927 3012 1007 3096 line
1027 3013 1109 3098 ulla
1138 3014 1285 3098 limita.

350 3135 461 3213 tione
471 3126 672 3242 appellare
684 3115 854 3240 refugit,
875 3121 1086 3209 Arianismi
1096 3122 1286 3242 suspestus
1407 3157 1414 3172 ·

351 3241 431 3346 est,
457 3239 483 3323 si
501 3269 586 3322 non
601 3242 813 3336 convitius.

406 3389 437 3436 2.
477 3357 577 3437 Non
604 3357 662 3435 ita
690 3371 846 3434 certum
873 3349 931 3433 est
966 3349 1140 3434 eundem
1174 3347 1285 3436 fuisse

352 3463 598 3579 Apollinaris
621 3463 866 3548 sedatorem.
912 3465 960 3546 In
995 3460 1092 3546 falsa
1124 3463 1289 3577 quidem

325 3579 526 3691 ‚Epistola
543 3578 597 3660 ad
620 3574 888 3694 Philippenses
909 3598 1021 3658 vetus
1041 3579 1205 3660 Latinus
1225 3583 1286 3660 in-

371 3719 454 3782 ·Ull.
467 3723 536 3785 Edit.
548 3741 614 3805 μς.
629 3735 693 3793 146.
820 3713 831 3800 Ι
873 3719 887 3759 ⁶
906 3717 978 3784 ibit.
991 3737 1055 3802 pag.
1067 3725 1128 3794 178.

1481 3677 1484 3746 l

1483 3749 1484 3788 l
