2908 4544
313 320 539 435 Ecclefiastic.
556 321 726 406 Codicum
742 319 1022 425 corruptoribus.
1061 351 1127 434 541

196 433 299 517 dant
324 429 474 517 caeterfae
497 431 651 548 pestes,
679 431 799 515 cedat
830 435 960 515 omnis
992 440 1180 549 iniqua«

198 545 391 630 doctrina.
414 548 578 629 Doceat
598 547 772 628 Deus...
1067 579 1070 588 ’
1154 587 1180 628 n

256 661 295 741 Si
316 658 368 740 sic
382 657 420 740 le
473 681 540 739 tur
557 656 669 740 locus
685 656 777 761 ille,
798 656 924 770 qualis
943 661 986 740 in
1002 657 1132 743 vetus-

197 769 344 853 tiffimis
358 798 408 851 co
441 768 564 851 1cibus
579 767 743 882 scriptus
759 767 857 875 suit,
868 768 995 884 qualis
1013 773 1134 853 inan-

199 881 416 995 tiquiffimis
431 879 682 966 Editionibus
698 880 882 995 vulgatus
903 880 988 989 est,
1007 881 1148 976 sensus!

95 1067 97 1074 ,
198 999 357 1109 integer
382 998 483 1097 erit,
510 995 636 1077 reem
663 1000 704 1075 δι
731 991 870 1076 facilis.
897 991 1134 1108 Intelligunt

200 1111 309 1190 enim
329 1133 469 1188 omnes
490 1108 587 1189 Deo
608 1107 746 1210 Patri,
766 1109 836 1220 qui
857 1109 1005 1222 utique
1019 1131 1133 1190 aeter.

199 1245 253 1300 na
271 1221 397 1300 virtus
417 1215 474 1300 est
497 1221 842 1333 &omnipotetem
865 1219 1041 1335 agendas
1059 1217 1135 1304 esse

198 1352 361 1443 grates,
380 1329 493 1442 qubd
512 1338 553 1413 δι
579 1329 722 1412 Filium
751 1327 860 1412 snum
888 1329 1135 1438 ostenderit,

199 1453 240 1526 δι
260 1444 376 1523 nobis
396 1443 620 1527 Dostorem
637 1441 808 1526 dederit.
819 1443 877 1524 At
893 1441 922 1525 fi
941 1472 1034 1526 cum
1052 1447 1133 1529 Lo.
1263 1439 1268 1450 “

199 1553 447 1638 vaniensibut
468 1563 508 1644 &
527 1554 739 1638 novissimis
761 1553 992 1639 Editoribus
1022 1557 1132 1672 lega-

200 1695 315 1772 mus,
334 1683 478 1752 Gratas
493 1667 564 1749 tibi
581 1677 687 1754 Dens
701 1734 713 1772 ‚
729 1667 967 1780 gratiasaibi
978 1699 1070 1749 vera
1086 1669 1135 1766 ό·

185 1810 273 1880 ‚una
292 1793 493 1878 Tanaitas,
511 1809 586 1863 ana
603 1779 653 1876 eb
671 1793 773 1862 trina
787 1793 934 1873 unitas
947 1842 961 1878 ,
976 1780 1134 1878 trina&
1263 1832 1266 1843 ·

199 1921 275 1975 ann
291 1903 442 1989 unitas,
457 1905 604 2005 gratias
627 1891 697 1972 tibi
713 1901 819 1978 Deus
842 1903 988 1990 Pater,
1006 1885 1134 2003 qui&

197 2004 342 2091 Filium
363 2027 463 2085 tuam
478 2004 606 2111 ostendi
632 2017 648 2084 i
670 2002 717 2101 ὠ
745 2005 838 2086 mibi
855 2009 1048 2091 Donarem
1071 2007 1133 2086 de-

197 2117 280 2227 disti
289 2155 300 2198 .·
311 2115 443 2200 nullus
460 2121 539 2198 erit
556 2113 704 2222 sensus,
716 2116 779 2201 vel
792 2121 869 2200 erit
880 2121 1047 2200 omnino
1065 2117 1134 2228 ab·

198 2229 364 2335 surdus,
381 2233 540 2345 ineptus
557 2298 568 2336 ,
586 2254 709 2426 atgue
726 2228 863 2313 haeresi
880 2235 1099 2344 proximus.

110 2419 112 2424 s
234 2341 495 2430 Reclamabit
504 2344 617 2426 cettb
665 2341 869 2449 ustantius3
881 2342 1014 2428 censet
1024 2349 1133 2429 enim

196 2473 212 2510 ³
231 2458 441 2554 sessionem,
459 2486 542 2567 qaae
561 2471 600 2539 in
623 2457 810 2546 novtffima
825 2463 1023 2572 Augustini
1040 2449 1133 2541 Edi-

196 2581 291 2649 tione
304 2568 461 2680 servata
478 2574 549 2672 est,
566 2566 664 2650 nibil
681 2579 793 2672 inepti
814 2583 985 2649 continere
1001 2563 1049 2664 ὄσ
1063 2569 1132 2650 ab·

188 2679 321 2794 surdi,
337 2677 435 2761 nihil
444 2678 545 2790 falfi
552 2741 566 2776 ,
585 2675 684 2761 nibil
698 2679 795 2786 quod
815 2707 882 2760 non
900 2682 1130 2784 praecedenti-

195 2791 260 2874 bus
272 2815 344 2894 aut
353 2789 636 2903 consequentibus
649 2791 851 2904 consentiat.
865 2789 1023 2874 Verum
1035 2791 1130 2876 cum

195 2905 279 2988 boc
303 2901 373 2986 fibi
390 2902 604 3018 persuasit,
630 2899 824 2984 nonsatis
847 2893 1128 2992 accuratban-

195 3016 425 3102 tecedentia
455 3023 495 3098 &
526 3011 811 3129 consequentia
847 3019 1128 3131 perpenderat.

194 3136 358 3248 Quippe
377 3127 628 3212 manifestum
650 3127 706 3212 est
726 3127 990 3212 adventitiam
1017 3130 1128 3215 illam

192 3243 430 3327 sententiam
446 3266 603 3355 „atque
624 3245 667 3323 in
695 3240 897 3323 noviffima
919 3240 1129 3357 Augustini
1240 3331 1243 3345 s

191 3358 379 3441 Editione
398 3353 621 3460 servatam,
638 3353 760 3468 planb
790 3381 1013 3468 repugnare
1038 3383 1129 3438 ver-

194 3468 251 3552 bis
272 3467 458 3583 proximb
477 3463 810 3580 subsequentibus.
832 3472 935 3580 Qae
958 3466 1126 3552 ficonfi.

191 3578 360 3693 derasset
387 3577 607 3686 attentius,
630 3578 762 3663 statim
787 3578 1126 3670 animadvertisset

228 3735 400 3816 ⁸Pag„t97.
526 3743 539 3760 ”
