2956 4558
311 302 536 419 Eccleſsastic.
554 303 722 388 Codicum
735 303 1012 409 compuribus.
1053 333 1111 410 40
1117 321 1140 414 5

206 415 350 502 tendat
368 415 579 502 lestionem
587 415 707 509 diane
725 443 809 499 non
831 441 883 499 ex
911 423 1136 532 corruptio-

206 554 259 610 ne
282 529 416 643 aliqua
436 529 664 627 indniiam,
689 525 756 612 sed
786 527 978 614 finceram
1005 536 1044 610 ὅ(
1068 556 1135 642 ge-

206 645 371 723 nuinam
386 638 484 748 effe,
498 639 637 746 addit,
656 639 808 722 nullam
827 637 903 724 else
919 638 999 721 hoc
1017 645 1059 720 in
1078 643 1137 720 lo.

208 781 258 832 co
288 753 340 836 de
368 754 589 868 adoptione
610 753 891 868 quaestionem,
915 750 982 834 sed
1011 757 1141 834 carnis

208 865 356 948 Christi
378 865 647 951 humilitatem
667 866 747 947 dici
775 865 799 946 i
826 867 961 979 Magis
993 865 1139 946 adora-

110 1023 113 1030 ·
206 1001 288 1062 tam
309 988 349 1062 δι
370 977 540 1091 mysticis
562 1005 770 1060 munerum
789 976 988 1090 speciebus
1007 975 1137 1058 hono.

203 1113 357 1171 ratam:
378 1093 682 1200 quodperspicui,
698 1094 854 1202 inquit,
871 1121 917 1170 ex
933 1091 1139 1172 anteceden-

205 1201 302 1282 tibus
328 1203 479 1317 cjusdem
500 1205 669 1288 Doiion'o
694 1202 814 1282 verbu
841 1205 995 1316 intedigi
1015 1207 1138 1308 potest.

205 1311 363 1426 Qubus
374 1313 503 1395 verbis
522 1312 910 1428 confirmat'quidem
925 1313 1138 1398 leiiionem

204 1421 600 1510 suam2nulloaotem
612 1424 1139 1543 padiofignificatfluemad-

147 1585 150 1594 -
206 1537 373 1620 modum
396 1537 623 1624 Custantius
650 1539 891 1643 contendit,
917 1537 1029 1621 illam
1052 1565 1165 1622 non‘

202 1647 344 1733 haberi
360 1655 402 1734 in
421 1648 694 1766 manuscriptis
713 1647 1030 1765 exemplaribus:
1049 1650 1135 1734 imi>

204 1768 449 1847 contrarium
473 1763 683 1848 manifeste
706 1763 884 1848 testatur.
1052 1779 1055 1792 '

259 1903 288 1955 1.
312 1875 420 1957 Ciun
442 1875 616 1960 Felicem
634 1875 824 1962 Alcuinus
846 1874 906 1954 his
922 1870 1137 1988 compella-

203 1989 261 2067 vit
272 1985 401 2069 verbis
413 2013 472 2078 ;tu
486 2001 621 2071 omnino
627 1987 877 2100 perverfiifimi
888 1987 976 2068 dicis
987 1995 1135 2070 noos>-

205 2121 365 2194 sntun
382 2164 395 2198 ,
414 2099 478 2182 ubi
497 2099 626 2180 beatus
653 2096 851 2185 Hilarius.
866 2112 929 2181 ait
947 2127 1133 2182 noonn.

201 2237 296 2296 run
311 2249 321 2294 ε
339 2241 423 2296 non
442 2212 552 2296 aliud
570 2215 682 2296 certe
699 2211 961 2329 fignificatum
979 2195 1136 2318 voluit,

201 2324 320 2435 quim
356 2324 529 2410 Felicem
557 2325 721 2439 quidem
751 2323 886 2410 dixiffe
909 2323 1163 2432 adoptatur,

200 2438 406 2520 Hilarium
424 2437 522 2521 veri)
548 2434 620 2520 scri
651 2433 731 2521 fiffe
752 2441 937 2520 adoratur.
967 2441 1007 2522 Si
1026 2443 1135 2522 eninr

199 2549 280 2660 jam
292 2576 378 2630 tum
389 2555 430 2631 in
444 2548 554 2631 libris
568 2468 1015 2633 Hilariileilumfuillet
1026 2553 1135 2655 adop.

201 2684 330 2765 tatur,
350 2660 499 2744 Hilarii
515 2659 639 2756 verba
655 2657 829 2744 fideliter
842 2656 1040 2742 recitallet
1060 2666 1132 2742 Fe-

202 2772 283 2856 lix:
301 2799 378 2855 nec
392 2769 519 2886 pollet
565 2770 803 2858 erversrtatis
821 2771 974 2854 idcirco
993 2778 1134 2886 argui,

200 2884 313 3000 quod
331 2885 429 2968 ficut
447 2800 563 2998 apud
569 2884 773 2970 Hilarium
790 2883 968 3000 legerat,
983 2888 1063 2997 iple
1077 2885 1134 2967 di-

200 2996 312 3081 xillet
327 3000 545 3106 adoptator:
564 2993 631 3081 sed
653 2997 734 3080 hoc
746 3025 870 3080 unum
891 2994 1014 3080 Felici
1031 2997 1147 3109 obji-'

198 3136 379 3217 ceretur,
399 3109 512 3224 quod
530 3138 671 3196 vocem
693 3111 799 3193 hanc
812 3111 1035 3217 adoptatur,
1052 3109 1133 3191 alio

197 3222 307 3307 sensu
326 3223 446 3338 quim
462 3253 543 3338 quo
557 3223 739 3308 Hilarius
753 3221 1035 3330 intellexerat,
1054 3221 1134 3340 ipse

195 3333 640 3452 fisiffetinterpretatus.
884 3333 888 3344 ’

194 3463 211 3544 l
253 3484 285 3533 2.
312 3447 504 3532 Alc'uinus
529 3478 613 3532 non
638 3446 768 3531 solum
796 3449 971 3534 affirmat
995 3465 1133 3532 omnino

41 3625 59 3647 2
188 3562 441 3672 perverſssfime*
460 3561 482 3643 l
502 3561 634 3647 Felice
656 3561 804 3644 dietum
822 3559 896 3646 elle
910 3563 1132 3668 adoptatum

74 3703 97 3800 J
194 3675 263 3763 sed
287 3673 399 3801 fimul
424 3673 541 3780 addit
569 3673 731 3762 beatum
765 3674 1133 3872 Hflagufflioe‘e

898 3815 919 3872 c
948 3815 988 3899 uJ
