3012 4574
234 391 237 398 '
302 365 403 449 Eccle
416 368 525 476 testie.
543 366 712 452 Codicum
731 367 1010 472 Corruptoribut
1054 395 1132 476 347

198 473 362 590 postea²
381 481 423 578 iu
436 482 673 584 Gtaecotum
695 479 886 582 vafritiem
908 479 1134 581 inuehitur,

200 594 270 701 qui
291 614 425 699 prater
430 593 500 696 fas
519 594 650 706 jusque
679 597 842 680 Sacrum
869 614 1134 704 corruperunt

200 725 358 784 textum
373 705 633 825 Synodalium
651 708 866 808 Adotum3
889 711 997 786 &ad
1015 703 1135 784 Chal.

199 813 423 903 tedonense
456 815 685 900 Concilium
728 815 974 900 addiderunt
1014 814 1135 898 verba

145 951 150 964 ·
197 926 268 1008 illa
287 931 514 1037 (Dominum
535 931 657 1043 Jesum
682 929 859 1036 Christum
885 927 948 1036 effe
964 957 1070 1012 unum
1093 930 1136 1007 de

189 1041 324 1156 fitnssa
345 1051 560 1150 Trinitate)
581 1042 632 1124 de
656 1040 798 1154 quibus
822 1037 891 1122 sub
915 1037 1137 1152 Hormisdtu
1219 1083 1225 1090 ·

152 1209 157 1228 .
200 1155 310 1268 Papa
330 1153 401 1236 diu
420 1153 552 1238 fuerat
568 1151 824 1268 disputatum.
847 1157 949 1266 Quae
971 1151 1136 1264 quidem

199 1263 323 1348 verba
343 1270 524 1380 quamvis
546 1291 642 1348 tunc
658 1263 881 1349 Hormisda
898 1262 1139 1347 recusaverit

198 1376 252 1456 ad
272 1379 457 1460 vitandos
475 1381 774 1462 Haereticotum
791 1377 1136 1491 Eutychianorum

200 1487 346 1594 dolos,
376 1491 457 1602 ejus
486 1515 624 1574 tamen
654 1489 888 1574 successores
916 1487 1053 1604 postea
1081 1489 1136 1571 ad

198 1599 468 1684 confutandos
494 1602 759 1690 Nestorianos
782 1626 1032 1717 receperunt.
1066 1605 1136 1684 Ait
1197 1665 1201 1673 .

197 1717 319 1796 etiam
345 1717 493 1800 metito
514 1722 555 1799 in
582 1713 843 1830 suspicionem
870 1717 1008 1797 vocari
1038 1715 1134 1821 Ori.
1168 1749 1172 1760 ¹

195 1827 386 1936 genistas,
408 1829 599 1912 mutilatae
614 1833 762 1940 quintae
781 1825 954 1938 Synodi,
981 1825 1074 1905 cium
1093 1829 1136 1907 in

195 1935 264 2018 illa
282 1939 398 2054 plura
417 1941 715 2044 desiderentur,
737 1969 824 2051 quae
840 1937 1032 2020 adversos
1047 1936 1135 2022 isto.-
1231 1951 1239 1962 '

185 2075 284 2156 stum
304 2050 482 2136 haerefim
498 2052 646 2136 sancita
664 2075 804 2149 erant,
831 2074 1068 2162 certumque
1088 2049 1135 2132 sit

194 2163 411 2246 nonnullos
424 2191 474 2250 ex
495 2169 564 2270 iis,
584 2168 654 2278 qui
676 2163 842 2276 Synodo
865 2159 1134 2280 prefuerunt,
1179 2225 1182 2230 .

196 2273 453 2390 Osigenismo
473 2271 584 2362 fuisse
608 2274 786 2360 infectos.
987 2361 993 2372 ,

247 2391 438 2506 Denique
466 2389 744 2475 eruditissimus
766 2388 986 2472 Annalium
1014 2387 1133 2508 scrip·-

191 2523 259 2584 tor
277 2500 329 2584 fic
354 2502 575 2586 concludit.
597 2541 623 2578 «ι
643 2503 710 2585 Ad
728 2503 973 2616 postremum
996 2503 1132 2584 videa.
1155 2534 1181 2571 α

194 2639 281 2693 mus
298 2615 313 2662 ¹³
332 2642 419 2726 quae
440 2614 493 2696 ab
509 2612 792 2730 impostoribus
812 2614 961 2699 fixerint
983 2618 1131 2732 quinto:
1155 2643 1180 2682 α
1206 2641 1214 2662 ·

148 2801 150 2804 ,
196 2725 348 2836 Synodi
366 2731 530 2809 nomine
549 2725 796 2842 pervulgata.
833 2725 1130 2811 Monotheiita·
1154 2754 1179 2792 τε

165 2893 169 2902 -
192 2861 282 2917 rum
309 2833 385 2920 fuit
408 2840 617 2920 inventum
634 2903 646 2942 ,
664 2861 710 2920 ut
738 2835 806 2920 sub
837 2837 957 2920 titulo
983 2841 1131 2949 quintae
1155 2865 1180 2904 o

93 3005 95 3012 ·
195 2947 366 3060 Synodi,
396 2973 588 3063 tanquam
611 2950 760 3059 exejus
781 2953 888 3033 Adsis
912 2949 1129 3066 depromp-
1153 2979 1178 3017 «ι

193 3085 277 3142 tam
295 3061 497 3156 ediderint
508 3061 723 3178 Epistosam
771 3063 947 3146 nondam
969 3069 1130 3148 Mennae
1154 3092 1179 3131 te

193 3173 632 3292 Constantinopolitani
665 3092 845 3294 Episcopi
881 3181 1046 3259 nomine
1076 3179 1130 3259 ad
1154 3206 1178 3244 t<

191 3286 385 3400 Vigilium
403 3291 575 3404 Papam,
592 3288 857 3406 conscriptam
880 3289 931 3370 de
952 3293 1069 3372 unica
1087 3295 1129 3372 in
1153 3317 1177 3356 α

193 3398 355 3482 Christo
383 3401 602 3486 voluntate.
640 3403 718 3486 Sed
747 3401 941 3512 eiusmodi
965 3401 1129 3518 stropha
1153 3429 1177 3467 α

192 3511 350 3595 detecta
368 3513 477 3598 estin
494 3513 602 3600 sexta
619 3515 784 3627 Synodo
804 3516 828 3596 ὰ
847 3518 1007 3629 Legatis
1021 3517 1126 3629 Apo·
1151 3541 1176 3579 a

190 3623 336 3708 stolicae
352 3624 451 3712 sedis
464 3625 777 3731 ostendentibus,
793 3652 873 3710 tres
894 3634 1125 3740 quaternio.
1149 3655 1180 3704 ‘c

214 3781 225 3807 ¹
240 3768 311 3832 ibid.
324 3791 389 3854 pag.
403 3793 468 3850 433.
651 3737 673 3855 s
696 3774 709 3814 ⁸
725 3773 796 3833 ibid.
808 3793 874 3858 pag.
887 3793 956 3848 441.
1145 3836 1165 3882 0
