2896 4562
371 375 390 456 5
395 373 452 456 94
601 343 859 433 Deveten'bas
876 353 1082 430 Haerericir

369 463 464 541 loca
479 456 572 561 illa,
595 459 663 540 ubi
684 485 816 574 pravae
836 461 1135 544 Haereticorum
1154 460 1313 572 opinio-

370 598 441 654 nes
460 569 572 654 fortt
600 595 883 675 occurrerent,
898 566 1070 686 suspecta
1086 563 1162 656 effe
1187 570 1313 656 debe-

369 711 440 769 re:
461 683 620 796 reliqua
636 683 762 787 vero,
782 688 825 776 in
845 681 987 795 quibus
1001 680 1314 791 nihii-habetur,

373 797 487 909 quod
508 797 562 878 ad
588 799 814 882 Haereticos
835 793 926 877 illos
952 790 1159 880 falsatores
1187 800 1312 909 perti-

370 933 492 1014 neat,
512 907 581 992 ubi
604 905 779 1026 ipsorum
802 903 966 994 hareses
994 911 1314 1022 impugnantur,

371 1020 636 1108 confutantur
651 1023 963 1136 mentiuntur,
982 1048 1066 1104 non
1079 1014 1206 1104 modd
1227 1049 1314 1104 non

226 1225 229 1230 ,
371 1133 548 1248 suspedia
567 1133 643 1218 effe
670 1133 846 1238 debent,
877 1129 946 1217 sed
966 1130 1099 1214 multo
1127 1131 1314 1221 firmioris

370 1250 629 1333 audomarii.
658 1250 808 1358 Neque
836 1250 945 1328 enim
976 1240 1126 1329 censeri
1154 1243 1313 1358 poffunt

371 1363 567 1442 Haeretici
584 1359 672 1442 haec
691 1354 873 1468 adjecisse
890 1427 902 1463 ,
924 1361 1038 1466 quaei
1070 1356 1202 1441 sorum
1225 1363 1313 1474 opi-

370 1470 559 1557 nionibus
578 1478 782 1556 contraria
803 1470 903 1556 sunt.
929 1385 1139 1558 Falsadant
1164 1469 1222 1554 illi
1244 1499 1313 1558 ve-

287 1651 291 1658 .
370 1607 475 1667 teres
493 1583 617 1668 libros
635 1581 924 1670 Ecclefiafflcos
942 1650 954 1686 ‚
974 1607 1020 1667 ut
1036 1581 1236 1669 haberent
1254 1611 1316 1672 er-

371 1726 510 1780 rorum
525 1693 684 1782 suorum
704 1695 886 1779 socios&
906 1719 1111 1808 patronos.
1131 1693 1315 1810 Suspecta

369 1809 631 1924 e1·gofint,s1
651 1815 709 1893 ita
729 1807 887 1923 placet,
907 1811 1045 1892 omnia
1061 1811 1229 1894 Parrum
1250 1808 1312 1900 lo·

284 1987 286 1994 ,
370 1951 541 2036 ca,quae
561 1923 750 2008 videntur
767 1925 893 2004 errori
909 1925 1173 2036 patrocinari:
1194 1919 1313 2006 firma

370 2061 509 2120 manet
536 2044 577 2122 δι
604 2030 834 2120 inconcuffa
861 2033 1113 2120 Traditionis
1140 2037 1309 2120 auderi-

371 2174 459 2253 tas‚
480 2148 607 2232 modd
634 2144 727 2229 sana
747 2147 1034 2260 judicentur&
1054 2145 1311 2254 indubitata,

372 2287 635 2374 quaecumque
651 2261 873 2344 dodiririam
886 2255 1065 2357 Ecciefiae
1078 2258 1310 2364 adstruunt,
1428 2259 1429 2292 ¹

370 2371 580 2454 vindicant
613 2370 804 2488 adversis
835 2370 1025 2456 haeresum
1060 2377 1309 2488 impietatem

367 2490 408 2568 δι
435 2505 601 2566 tuentur
618 2509 630 2567 5
649 2486 797 2600 quippe
820 2483 1010 2571 Traditio
1028 2513 1115 2568 non
1136 2512 1188 2570 ex
1209 2483 1313 2594 iliis,
1425 2517 1426 2520 ‘

369 2594 436 2681 sed
456 2623 505 2680 ex
524 2595 586 2680 his
605 2597 804 2682 duntaxat
822 2597 920 2678 locis
934 2601 1098 2686 eruitur.

423 2711 588 2801 Deinde
608 2735 653 2794 ut
670 2707 925 2794 meticulosos
941 2709 1126 2796 homines
1146 2707 1211 2794 sud
1229 2707 1314 2794 for-

367 2825 520 2910 midine
536 2829 705 2906 omnino
724 2823 959 2928 liberemus,
979 2848 1076 2937 peto
1096 2823 1196 2938 quid
1222 2821 1314 2910 sen-

369 2941 473 3020 tiant
504 2936 556 3019 de
581 2936 658 3018 illis
683 2935 959 3022 Eccleiiasticis
982 2927 1170 3052 operibus
1189 3003 1200 3041 ,
1220 2964 1317 3046 qut

369 3049 491 3162 vulgo
510 3047 533 3130 d
550 3052 642 3131 viris
659 3047 786 3131 dorin
808 3075 1002 3160 tanquam
1027 3048 1215 3164 spuria&
1237 3051 1318 3138 Pa-

367 3161 494 3246 tribus
518 3159 570 3243 ab
590 3165 803 3257 Haeoeticis
826 3159 928 3246 falso
951 3160 992 3246 su
1022 3161 1151 3278 pofita
1173 3188 1321 3277 repro.

367 3271 526 3360 bantur.
547 3273 824 3392 Negabuntne
850 3273 974 3358 uliae
1004 3301 1027 3360 e
1050 3273 1282 3388 hujusmodi
1304 3303 1319 3364 r

367 3387 416 3470 Id
437 3387 464 3470 fi
485 3391 758 3494 tentaverint,
776 3382 1037 3502 imperitosse
1079 3387 1319 3497 robabunt,

364 3509 404 3586 ὃ(
438 3503 566 3584 omnis
586 3500 777 3586 dodrinae
803 3528 853 3584 ex
907 3527 998 3586 rtet.
1070 3528 1164 3588 emo
1195 3505 1315 3588 enim

364 3613 432 3720 est,
445 3615 508 3698 vel
523 3613 783 3700 mediocriter
795 3617 839 3698 in
864 3617 1019 3699 ettione
1034 3615 1202 3700 Patrum
1216 3641 1313 3700 ver-

363 3724 490 3832 satus,
510 3731 578 3842 qui
605 3727 755 3812 nesciat
774 3733 881 3824 inter
905 3750 1060 3836 ¹veteres
1086 3731 1317 3844 Scriptores
