3036 4592
342 341 567 462 Ecclefiastic.
581 343 751 431 Codicum
759 345 1042 453 corruptoribus.
1101 353 1175 457 29³

224 457 557 572 repraestntandas
581 456 741 542 censui:
763 479 809 540 ut
835 481 955 540 nemo
972 466 1152 546 miretur

222 569 334 677 ilios,
350 578 419 686 qui
432 577 520 655 'toti
542 572 594 653 'ad
609 571 819 683 perfidiam
839 579 880 654 &
904 569 1020 652 dolos
1036 593 1155 656 erant

223 685 456 798 compositi,
485 688 607 770 etiam
631 687 673 766 in
688 683 912 766 ⁴tratiandis
936 685 1061 765 Sacris
1081 687 1151 768 Li-

220 790 301 876 bris
310 796 466 911 perfide
481 790 1153 908 acfraudulentersegessiffeQa-
1188 829 1195 838 ·

221 929 316 990 tuor
334 905 690 1022 autempraecipub
708 905 841 986 modis
846 909 1011 1099 peccari
1020 905 1154 1021 potest

218 1021 261 1100 in
284 1023 421 1103 Sauras
440 1025 670 1134 Scripturas.
691 1047 720 1100 1.
740 1020 779 1100 Si
803 1015 827 1099 ὲ
862 1046 958 1100 acro
980 1019 1153 1104 Canone

221 1131 414 1214 eradatur
441 1131 543 1214 liber
598 1133 638 1211 ui
665 1131 762 1211 ver‘e
791 1129 946 1213 divinus
969 1131 1028 1215 fit.
1058 1165 1091 1215 2.
1115 1136 1156 1216 si

219 1241 371 1436 gurim
398 1244 540 1355 aliquis
563 1242 592 1323 ii
621 1269 665 1324 er
684 1240 877 1353 tanquim
897 1247 1090 1357 genuinus
1111 1251 1155 1331 &

263 1381 331 1439 cer
342 1353 597 1436 obtrudatur.
614 1383 645 1457 3.
666 1355 703 1436 si
717 1356 926 1436 Sacrorum
938 1355 1154 1444 Librorum

222 1465 348 1548 verba
366 1468 538 1578 genuina
547 1469 589 1546 in
599 1491 767 1579 pravum
786 1462 935 1551 sensum
947 1467 1078 1552 alieni
1093 1474 1153 1553 in-

223 1581 514 1690 terpretatione
542 1577 872 1692 detorqueantur.
894 1609 937 1684 4.
959 1583 1155 1694 Denique

222 1685 390 1770 five'rba
406 1683 487 1804 ipsa
506 1689 928 1802 adulterenturaliqui
939 1690 1154 1775 detraffl'o.

220 1825 296 1904 ne,
315 1801 559 1906 additione,
590 1801 655 1886 vel
683 1805 979 1884 immutatione.
1007 1805 1152 1916 Qtan.

220 1939 344 2024 quam
367 1913 470 1996 nihil
496 1914 642 1994 horum
662 1933 837 2022 quatuor
857 1910 881 1992 i
897 1909 1058 2025 perfidis
1075 1913 1152 2001 ho,
1322 1941 1326 1952 “

219 2025 393 2110 minibus
422 2017 720 2138 praetermiffum
755 2019 851 2107 est:
889 2025 1060 2111 nonest
1089 2022 1158 2112 tass

220 2163 316 2220 men
341 2137 458 2248 hujus
484 2135 564 2222 Ioci
588 2133 738 2250 smgula
761 2131 875 2248 prose
907 2141 958 2220 ui.
979 2139 1149 2254 Agimus

208 2247 290 2336 hic
308 2245 439 2331 solum
458 2249 510 2332 de
528 2274 579 2332 eo
599 2245 711 2361 quod
725 2270 870 2359 quarto
877 2163 978 2330 (poco
994 2277 1145 2367 propo.

215 2363 335 2446 situm
345 2362 425 2467 est3
447 2388 591 2476 nempe
607 2361 659 2444 de
676 2363 799 2473 impia
818 2361 1089 2471 quorumdam
1101 2369 1147 2450 in

211 2472 403 2562 falsandis
419 2472 529 2557 libris
548 2472 736 2576 audacia,
757 2499 878 2583 quam
896 2478 1032 2585 primis
1044 2475 1145 2564 olim

207 2584 411 2676 nascentis
427 2585 606 2671 Ecclefiae
623 2583 856 2667 Christianae
875 2586 1142 2699 temporibus,
1296 2689 1300 2694 ¹

203 2697 325 2816 apud
352 2702 577 2782 Haereticos
605 2697 801 2782 summam
822 2693 933 2788 fuiffe
958 2695 1048 2788 sum
1073 2701 1143 2786 de·

206 2810 520 2904 monstraturus.

594 3083 789 3294 ,uu

532 3303 712 3470 ,Ψ
