3012 4574
382 367 607 563 Ecclpiastic.
623 368 791 454 Codicum
806 369 1085 473 Comparibus.
1130 379 1199 484 285
1307 350 1310 364 ¹

266 479 423 564 calculo
468 513 520 563 uo
548 479 790 598 comprobat
826 483 1062 566 Vincentius
1097 489 1199 568 Liri-

266 594 393 676 nenfis
410 595 470 676 his
487 593 638 676 verbis:
664 595 738 680 Sed
757 593 853 674 dicet
863 592 1003 701 aliquis
1022 611 1035 643 ²
1061 623 1200 705 corrup.

265 723 320 786 tos'
345 705 407 816 effi
427 721 495 796 Ori
518 720 592 790 enit
610 706 744 810 libros,
764 717 860 790 Non
878 705 1014 816 refisto:
1060 723 1122 790 uin
1133 735 1200 815 po-

263 825 337 900 uas
360 817 407 916 όν
426 735 551 900 maio:
573 849 659 902 nam
682 818 724 898 id
741 817 765 897 d
783 815 998 930 quibusdam
1016 737 1063 915 ἐ
1082 824 1199 902 tradi-

263 951 341 1014 tum
368 929 416 1029 (i
431 934 606 1046 scriptam
626 935 702 1036 est,
723 959 789 1011 non
812 928 1013 1014 Catholicis
1037 940 1203 1030 tantam,

254 1044 325 1156 ſsd
336 1059 449 1128 etiam
465 1057 522 1128 H
522 1055 683 1124 aereticis.
701 1043 880 1152 Quinam
891 1040 949 1123 illi
963 1041 1114 1126 fuerint
1124 1044 1202 1128 sive

265 1155 493 1258 Catholici,
514 1155 593 1238 sive
609 1156 826 1259 Haeretici,
850 1153 1033 1267 aquibus
1057 1164 1099 1240 δι
1120 1182 1200 1240 tru-

262 1268 446 1350 ditum&
466 1266 654 1380 scriptum
677 1261 1095 1378 erat,·comptosfiiiffi
1121 1283 1204 1358 Ori-

255 1396 359 1493 ginis
379 1379 510 1484 libros,
534 1407 622 1462 non
644 1383 811 1496 exponit
836 1383 1074 1466 Vincentius
1098 1385 1200 1465 Liri-

261 1490 402 1575 nenfis.
435 1491 593 1576 Verum
621 1491 699 1575 five
725 1490 918 1578 Rufinum
955 1501 997 1576 &
1032 1496 1201 1608 Anony.

262 1631 374 1686 mum
390 1603 527 1710 illum,
548 1607 600 1688 de
620 1634 702 1719 quo
723 1605 914 1710 Photius3
935 1602 1012 1685 srve
1032 1604 1204 1688 Alexan-

262 1714 400 1800 drinos
418 1717 672 1818 Monachus,
696 1717 748 1800 de
773 1715 916 1828 quibus
935 1718 1099 1798 Severus
1122 1717 1203 1800 Sul.

259 1833 378 1942 pitius
397 1877 408 1938 5
441 1829 519 1912 five
545 1833 668 1912 etiam
696 1827 795 1909 alios
816 1826 897 1907 hoc
921 1828 963 1905 in
985 1826 1079 1908 loco
1095 1829 1200 1912 ,dess-

259 1967 404 2054 gnatos
419 1941 565 2023 voluit:
583 1939 757 2022 affirmat
772 1938 885 2020 certe
897 1934 1052 2048 aliquos
1067 1935 1200 2048 fuisse,

291 2059 329 2136 ui
344 2053 425 2134 hoc
444 2051 689 2134 tradiderint
708 2057 747 2136 &
766 2047 1009 2164 scripserint:
1030 2057 1069 2136 &
1088 2051 1126 2135 se
1145 2058 1201 2170 ip.

258 2083 305 2248 iis
326 2165 436 2247 ultro
459 2164 654 2278 adjungit.
754 2165 756 2172 ’

312 2281 575 2362 Vincentium
595 2274 770 2388 sequitur
791 2271 965 2384 ejusdem
987 2281 1061 2361 aevi
1078 2275 1199 2396 scrip.
1310 2365 1314 2372 ,

256 2415 323 2473 tor
339 2391 597 2496 Prudestinati
611 2391 773 2491 auctor,
794 2385 1063 2502 Origenisque
1074 2389 1200 2476 libros

254 2501 417 2586 falsatos
444 2497 520 2586 effe
557 2501 710 2602 docet,
739 2499 917 2611 primum
953 2503 1117 2613 quidem
1147 2505 1199 2588 ab

255 2615 465 2730 Apellitis,
484 2613 631 2696 deinde
647 2612 671 2693 d
685 2611 841 2694 duobus
864 2611 949 2692 aliis
971 2615 1198 2702 Haereticis.

254 2765 280 2806 ιι
341 2731 407 2808 uia
422 2722 730 2809 innumerabilia
744 2719 853 2827 sunt,
865 2725 998 2835 inquit
1012 2727 1040 2828 b,
1059 2731 1198 2811 traua
1219 2773 1246 2818 ιι

255 2865 392 2924 torum
411 2839 493 2949 ejus
509 2849 520 2941 (
534 2839 722 2952 Origenis
733 2841 746 2936 )
759 2833 965 2917 solumina
976 2843 989 2937 ,'
1001 2839 1196 2923 Haeretici
1220 2888 1246 2933 o

255 2951 424 3058 (abeo)
447 2947 618 3065 superati
641 2946 765 3029 libros
782 2949 865 3060 ejus
882 2945 935 3030 ad
955 2943 1043 3030 suos
1060 2949 1196 3035 libitus
1219 2999 1244 3040 ιι

253 3061 401 3147 callida
415 3063 764 3178 argumentatione
779 3084 1007 3166 mutarunt,
1030 3086 1076 3144 ut
1095 3094 1195 3176 quos
1218 3113 1244 3154 ιι

253 3175 405 3261 vellent
434 3178 646 3292 decipere,
674 3173 857 3258 dicerent
885 3178 943 3254 ita
970 3175 1194 3290 Origenem
1218 3225 1243 3266 ιι

254 3286 328 3370 suis
356 3286 668 3404 expofitionibus
698 3283 923 3369 definiviffe.
950 3285 1076 3390 'Unde
1106 3297 1191 3404 qui.
1217 3339 1271 3381 ιι,

254 3427 428 3514 cumque
455 3401 576 3516 usque
603 3399 728 3482 hodie
760 3401 985 3516 Origenem
1013 3397 1143 3515 legit,
1166 3405 1194 3488 fi
1216 3453 1243 3493 ιι

283 3613 493 3674 ‘Commonit
517 3635 541 3674 r.
567 3633 628 3695 cap·
652 3630 699 3684 23·
773 3607 1195 3698 ⁶1Lib.1.Haeres.22.quaeest

252 3696 373 3756 Maxim.
388 3691 521 3754 Biblioth.
536 3697 610 3756 Part.
629 3711 700 3756 tom.
746 3691 1118 3773 npettitarummpudsirm.
1128 3717 1196 3761 nor.

145 3798 149 3808 ·
251 3790 437 3858 7.pag.257.
745 3771 1085 3856 Ed.tom.1·pag.473.
