3020 4564
26 687 29 750 l

31 246 37 307 l

316 313 544 428 Ecclefiastic.
557 315 728 402 Codicum
741 313 1018 422 compuribus.
1059 343 1179 424 107·x

202 425 390 538 Moysem
406 427 543 512 datam
564 435 605 519 δι
619 425 808 544 inspirata
825 427 1013 512 divinitus
1034 430 1133 510 Pro·
1159 451 1186 494 o

202 538 418 736 {hetorum
461 539 627 636 oracula
662 539 905 669 respuerunn
953 533 1136 655 ipsasque
1160 565 1190 606 τι
1251 619 1254 631 ,
1305 549 1309 557 ’

202 653 1136 877 lxxxxixllllxmxnmt
1160 680 1187 830 t:

199 872 411 960 laverunt:
438 876 713 996 confingentes
734 874 804 960 srbi
825 874 894 960 sub
920 873 1136 989 Apostolo-
1160 902 1187 944 α

199 1015 292 1072 rum
312 989 540 1074 nominibus
558 999 599 1076 δι
613 988 683 1072 sub
702 987 830 1072 verbis
842 988 931 1106 ipsrs
954 988 1135 1072 Salvato-
1162 1015 1190 1058 n

199 1103 254 1182 tir
272 1101 402 1186 multa
419 1102 626 1188 volumina
644 1099 846 1206 falsuatis,
865 1100 1006 1214 quibus
1024 1127 1135 1182 erro.
1162 1129 1198 1176 u.

192 1215 254 1305 *ris
273 1208 329 1294 sui
356 1237 591 1298 commenta
612 1217 837 1317 munirent,
862 1223 902 1298 δι
933 1214 1133 1326 decipien-
1161 1241 1195 1283 o·

201 1321 350 1406 dorum
379 1323 580 1414 mentibus
604 1324 857 1412 mortiferum
877 1330 980 1408 virus
1002 1323 1133 1408 infun-
1161 1355 1197 1406 u.

201 1435 396 1519 detento
420 1435 577 1553 Qubus
590 1439 719 1522 vorbis
742 1443 828 1526 Leo
857 1445 1032 1558 Magnus
1053 1463 1146 1520 non·

148 1651 151 1658 Ι
201 1546 332 1656 modi>
351 1579 424 1632 nos
450 1550 596 1636 edocet
616 1621 629 1657 ,
648 1553 838 1661 rejeuum
858 1547 933 1634 elle
953 1552 977 1634 ὰ
1003 1551 1138 1636 Mani,

200 1658 322 1742 chaeis
348 1688 459 1748 vetus
488 1663 793 1752 Testamentum
817 1701 826 1742 ι
852 1662 1062 1744 sedetiam
1086 1659 1162 1750 ab„

199 1769 340 1874 iisdem
372 1776 541 1860 violatas
570 1772 646 1860 effe
675 1773 934 1886 Evangelicas
954 1780 995 1859 dt
1025 1772 1139 1885 Apo.

199 1879 357 1971 stolicas
388 1892 553 2002 paginas
587 1932 599 1993 3
647 1887 818 1995 quadam
857 1882 1046 1986 aufhrendo
1091 1882 1145 1980 ὠ·

198 1997 371 2108 quaedam
406 1999 593 2110 inserendo.
637 1999 737 2080 Hoc
765 2020 901 2080 autem
934 2000 1032 2192 juia
1063 1996 1139 2080 dn-

198 2113 286 2192 cuit
310 2107 557 2196 sanetiffimus
581 2109 796 2214 Pontifex,
815 2113 932 2222 quisi
962 2113 1071 2192 circo
1089 2108 1139 2194 il-

198 2219 286 2310 lem
303 2222 481 2327 accuset,
501 2223 614 2337 quod
631 2226 728 2308 novi
745 2223 996 2311 Testamenti
1016 2221 1141 2308 Codi-
1178 2261 1185 2276 ·

199 2360 265 2416 ces
284 2332 474 2448 suspedios
492 2335 658 2442 fecerit,
673 2344 714 2420 &
728 2332 1058 2448 Pyrrhonismum
1072 2332 1146 2424 vel,

199 2445 341 2530 nolens
355 2453 399 2529 in
416 2449 673 2562 Religionem
696 2453 894 2532 invexerit
914 2474 926 2532 e

255 2559 334 2644 Sed
346 2560 470 2646 redeo
491 2561 544 2645 ad
558 2561 830 2663 Manichaeos,
879 2564 919 2642 ui
938 2583 984 2643 ut
1000 2557 1144 2665 scelus,

90 2709 94 2717 ¹
199 2672 313 2785 quod
331 2671 420 2787 ipsrs
442 2669 592 2759 sardus
621 2676 708 2758 Leo
737 2589 980 2786 exprolorat,
1001 2673 1142 2785 aliquo

197 2783 326 2868 modo
346 2783 601 2889 excusarent,
623 2789 947 2870 criminationem
966 2786 1143 2868 eandem

198 2900 241 2982 in
278 2897 515 2981 Catholicos
543 2895 695 2982 summi
722 2897 973 3013 impudendi
1007 2920 1139 2980 retora

201 3011 391 3120 quebant.
417 3009 735 3094 contendebant
752 3016 886 3114 enim,
907 3035 1140 3123 quanquam

200 3127 366 3206 omnino
378 3147 551 3227 temere,
565 3122 854 3237 Apostolorum
867 3122 1031 3236 scripta,
1045 3147 1140 3233 qua·

200 3230 255 3315 lia
283 3237 389 3347 apud
421 3233 658 3322 Catholicos
692 3234 962 3428 legebantur,
995 3231 1141 3324 falsata

202 3343 301 3426 olim
328 3347 435 3432 fuisse
460 3345 635 3433 inescio
661 3353 728 3458 qui
759 3379 803 3430 us
824 3347 1025 3432 Codicum
1046 3375 1137 3428 cor-

200 3458 457 3570 ruptoribus:
487 3462 595 3544 unde
615 3459 859 3570 consequens
879 3457 973 3544 effet
994 3458 1140 3576 scripta

200 3569 488 3683 Apostolorum
512 3603 597 3656 non
619 3569 669 3654 ab
693 3571 781 3687 ipfis
810 3575 1041 3687 corrumpi,
1071 3571 1139 3655 sed

201 3681 420 3773 emendari.
448 3687 636 3793 Crimen,
657 3685 770 3802 quod
791 3685 897 3793 dixi,
916 3687 1140 3772 Catholicis
1163 3671 1166 3681 ’
