3012 4574
350 320 423 398 3¹4
578 302 643 378 De
662 298 846 377 veteribus
857 309 1065 381 Heremo

347 411 456 488 mine
470 401 581 507 falfi,
603 408 715 518 quod
729 407 910 524 in'iplum
926 414 1205 526 Hieronymus
1221 414 1296 493 im-

345 542 527 632 pegerat.
554 521 880 634 Exprobraverat
908 527 1187 638 Hieronymus
1213 523 1291 606 fal-

347 628 475 712 satum
497 629 607 715 fuille
635 635 659 716 ὰ
684 635 835 719 Rufino
857 634 1069 752 Apologiae
1126 667 1173 720 ro
1195 639 1292 719 Ori-

347 770 451 857 gene
471 746 658 853 titulum,
678 774 800 860 atque
825 754 868 832 in
894 776 944 832 eo
966 667 1293 863 PampiiliMar-

345 863 443 968 tyris
459 887 608 944 nomen
624 891 697 976 pro
723 859 877 946 Eusebii
894 863 1138 947 Caesariensis
1156 866 1289 944 nomi.

343 995 398 1051 ne
427 972 611 1082 positum.
640 975 778 1088 Atque
802 976 909 1058 hanc
925 973 1113 1058 fraudem
1142 1001 1187 1058 ut
1204 1003 1289 1056 ma-

157 1157 159 1164 .
225 1147 227 1152 .
343 1081 528 1166 niftstam
557 1082 734 1194 saberet,
760 1088 1004 1202 probaverat
1029 1089 1145 1204 ipfius
1174 1084 1291 1172 Euse-

343 1192 400 1276 bii
429 1196 657 1282 testimonio
689 1206 859 1306 aientiS,
892 1202 1150 1316 Pamphilum
1188 1201 1289 1283 nihil

373 1314 498 1422 roprii
513 1318 643 1426 operis
659 1315 903 1419 conflatile,
922 1341 1044 1429 atque
1057 1317 1161 1399 adeo
1182 1314 1290 1428 Apo.

342 1335 614 1646 iffliffidfilro
652 1429 850 1624 {riffene'
872 1457 1099 1626 Iiiliqvuaffi
1117 1425 1293 1622 edidsille.

351 1671 465 1730 verat
493 1567 848 1766 Hieieocnyriiuliudii
868 1571 952 1769 ipio
965 1567 1295 1770 lonerisnddirterri:
1330 1745 1343 1761 x

347 1780 417 1863 tu,
440 1759 588 1844 librum
610 1763 720 1848 hunc
736 1763 913 1874 ejusdem
930 1765 1004 1850 elle
1018 1770 1213 1870 artioris,
1232 1790 1294 1847 at-

349 1898 430 1984 que
452 1872 551 1956 alios
570 1880 748 1990 quinque
764 1877 901 1985 libros,
952 1910 1024 1961 uos
1036 1905 1158 1962 nemo
1172 1907 1294 1992 nega-

348 1981 419 2067 bat
442 1983 518 2070 effe
541 1987 705 2075 Eusebii.
742 1996 793 2076 Et
811 1992 916 2076 istud
980 1993 1106 2076 ulinus
1130 2019 1294 2107 ptaeter-

345 2101 485 2182 mittit.
512 2102 743 2187 Addiderat
765 2107 875 2188 idern
898 2103 1048 2188 landus
1067 2107 1227 2188 Donor
1248 2109 1292 2183 in

168 2300 172 2308 ,
343 2209 837 2300 BibliothecaCaesarienfi
850 2216 997 2298 librum
1009 2214 1151 2327 ipsum,
1169 2239 1290 2324 quem

344 2323 515 2410 Rufinus
532 2325 602 2412 sub
624 2335 788 2413 nomine
810 2324 1011 2438 Pamphili
1031 2324 1291 2437 vulgaverat,

343 2433 486 2525 haberi
505 2439 737 2557 inscriptum
758 2441 923 2520 nomine
943 2434 1108 2520 Eusebii.
1139 2439 1188 2521 Et
1208 2436 1290 2520 hoc

201 2611 206 2622 .
341 2548 468 2663 ipsum
490 2553 659 2641 Rufinus
680 2548 903 2634 diffimulat.
934 2551 1128 2662 Denique
1155 2549 1289 2633 homi-

340 2691 435 2748 nem
461 2691 579 2784 urget
604 2659 883 2776 Hieionymus
909 2671 950 2747 &
971 2667 1102 2778 petit,
1123 2687 1170 2746 ut
1196 2691 1290 2747 eum

314 2829 318 2838 =
341 2774 482 2866 saltem
502 2807 525 2860 a
554 2774 703 2890 pellet,
722 2775 746 2858 d
763 2805 845 2890 quo
872 2776 1107 2891 inscriptum
1123 2781 1290 2860 nomine

295 2939 317 2971 ,ι
344 2807 554 3006 Pamphili
574 2889 781 3003 exemplar
802 2896 1015 3006 acceperit.
1055 2891 1151 2974 Silet
1175 2888 1289 2973 Rufi-

297 3051 317 3086 .›
343 3033 439 3106 nus,
460 3025 531 3084 aut
549 2999 631 3086 alid
651 3003 830 3086 divertit.
869 3001 1080 3090 Exclamat
1100 3010 1222 3110 sperni
1238 3001 1293 3083 ab

343 3118 605 3230 Hieronymo
625 3116 889 3224 Pamphilmn:
912 3131 1107 3228 Martyres
1123 3145 1190 3198 non
1204 3114 1294 3223 poffi»

342 3232 443 3336 apud
466 3261 546 3313 eum
569 3231 699 3314 habere
721 3229 872 3342 aliquid
901 3239 1140 3312 reverentiae:
1164 3230 1287 3340 'strper-

333 3343 455 3452 fluam
479 3345 543 3455 effe
563 3348 606 3426 de
622 3347 766 3426 artiore
787 3347 1036 3454 quaestionem,
1059 3339 1121 3422 ubi
1141 3338 1291 3453 defhnfio

344 3461 434 3542 talis
448 3463 495 3570 est
504 3523 517 3560 ,
538 3490 621 3571 quae
639 3457 802 3568 affertore
820 3487 887 3542 non
901 3478 1015 3570 egeat.
1041 3459 1140 3564 Quo
1156 3451 1293 3537 defen-

343 3574 459 3657 nonis
479 3599 626 3690 genere
653 3576 721 3685 qui
747 3575 896 3678 utitur,
932 3597 1006 3654 nec
1032 3567 1110 3650 alia
1130 3571 1291 3650 ratione

341 3691 556 3802 impastam
571 3686 642 3770 sibi
662 3687 991 3768 criminationem
1007 3679 1181 3786 refellit,
1203 3707 1292 3774 ten-
