2956 4558
209 299 213 306 “
304 294 530 410 Ecclefiastic.
556 282 726 380 codicum
747 291 1027 400 Comploribus.
1072 319 1140 399 411

205 407 296 513 rat,
318 407 477 490 b'arbari
498 405 672 489 hominis
689 401 817 488 finisset
834 475 846 512 ,
861 405 1090 508 inhumani,
1103 413 1144 488 δι

206 519 453 602 ichristiana
464 519 661 602 charitate
672 545 719 600 ac
730 515 1032 601 mansuetudine
1049 519 1143 598 elle.

208 635 259 714 ni.
275 632 466 715 liaeresrm
478 631 681 746 Elipantue
694 635 953 746 pertinaciter
965 634 1143 734 retinuit,

208 748 249 826 in
269 745 377 828 hunc
393 741 586 834 Alcuinu's
612 741 850 830 insurrexit:
875 748 1054 858 exagitat
1072 742 1143 823 de-

207 863 404 973 crepitum
420 854 553 941 senem
566 863 586 959 ·,‘
602 855 787 938 omnibus
808 855 940 938 modis
965 865 1083 970 urget
1104 860 1146 938 &

206 967 419 1075 hortatur,
439 993 485 1051 ut
499 968 672 1052 Felicem
693 968 860 1052 tandem
878 972 1070 1051 imitetur.
1089 969 1145 1048 At

207 1082 435 1197 Elipantum
458 1082 553 1163 dum
566 1079 735 1163 sollicit‘e
747 1083 1015 1186 admonet,&
1030 1103 1140 1161 acer.

207 1196 311 1275 rime
330 1193 516 1276 confutat
534 1262 546 1298 ,
567 1192 679 1276 simul
698 1193 912 1308 diligenter
931 1217 1070 1296 cavet,
1091 1215 1144 1274 ne
1273 1259 1276 1268 .

207 1303 292 1386 ullo
311 1305 498 1418 asperiori
518 1305 643 1390 verbo
663 1306 836 1390 Felicem
873 1335 940 1388 am
960 1301 1144 1388 Catholi-

208 1443 301 1498 eum
322 1415 516 1502 offendat.
534 1423 637 1502 Haec
649 1445 747 1536 ergo
764 1333 878 1501 cauli
897 1417 976 1522 est,
992 1446 1062 1498 cur
1077 1411 1147 1497 Al.
1229 1517 1230 1520 p

209 1534 348 1612 cuinus
363 1557 439 1614 nec
458 1535 500 1613 in
521 1531 630 1614 libris
651 1528 1143 1648 septem,quosadversi1's

209 1641 382 1726 Felicem
402 1641 577 1758 scripsit,
598 1667 673 1728 nec
692 1650 735 1727 in
753 1643 863 1726 libris
880 1662 1054 1756 quatuor
1072 1639 1147 1721 ad·-

206 1755 344 1836 versis
377 1758 633 1871 Elipantum,
666 1753 877 1840 commillae
905 1752 1149 1869 Aquisgrani

207 1863 360 1949 fraudis
381 1873 635 1951 meminerit:
661 1883 807 1984 nempe
836 1867 927 1949 libri
955 1863 1147 1948 adversis

208 1978 383 2062 Felicem
397 1979 470 2062 scri
499 1985 530 2063 ti
548 1977 637 2062 sunt
650 1998 746 2062 ante
764 1967 994 2063 Concilium
1005 1973 1146 2091 liquis

207 2091 424 2206 granense,
443 2009 512 2177 nii
528 2091 731 2177 commissa
750 2092 856 2175 Faus
869 2091 926 2176 est
942 2085 1061 2175 :libri
1077 2115 1146 2172 ve-

205 2205 255 2287 τὸ
281 2231 424 2290 contra
448 2205 676 2322 Elipantum
706 2205 839 2320 scripti
867 2203 960 2288 sunt*
982 2203 1150 2318 quid'ein

205 2315 295 2510 post
311 2315 628 2434 Aquisgranenst
656 2319 916 2402 Concilium:
946 2315 1021 2401 sed¹
1049 2321 1148 2401 tuni:

239 2427 421 2514 elinerat
441 2433 494 2514 ad
515 2431 647 2514 san'am
669 2455 847 2514 mentem
875 2428 1075 2534 reversus,
1104 2433 1147 2512 ὃ(
1214 2509 1216 2516 ,

207 2539 381 2623 Alcuino
391 2541 849 2626 reconciliataeverirm
860 2543 1012 2625 etiamsi
1029 2568 1078 2623 ea
1094 2541 1146 2646 due

207 2679 251 2735 re
268 2659 395 2738 tacuit
407 2655 627 2757 Alcuinus,
646 2653 739 2736 secli
754 2677 891 2736 tamen
905 2658 1146 2737 memoriam

156 2785 159 2796 ·
205 2763 564 2870 conservaverunt,
597 2769 650 2847 'ui
668 2765 856 2848 Concilio
877 2763 1146 2849 incoluerant
1219 2841 1221 2844 ,

208 2877 369 2985 Patres,
384 2879 407 2961 i
425 2876 567 2992 qulbus
581 2793 686 2961 iilnd
696 2879 944 2964 Hincmarus
963 2881 1143 2994 accepit,

206 3017 415 3106 acceptum
440 2991 537 3075 vero
558 2991 702 3075 litteris
723 2991 932 3076 mandevit
949 2999 992 3078 δι
1011 2990 1143 3109 poste-

206 3109 317 3186 ritati
344 3101 604 3188 conservavit.

262 3213 453 3302 Potuilset
475 3217 606 3300 multo
632 3221 782 3332 potiori
808 3218 894 3326 jure
912 3217 1141 3302 Custantius

205 3325 321 3411 nobis
333 3329 507 3443 objicere
518 3329 729 3447 Agobardi
744 3331 1019 3450 Lugdunenfis
1032 3331 1143 3415 filen-
1256 3380 1261 3390 ,

204 3446 332 3548 tium,
355 3447 386 3524 is
414 3450 520 3526 enim
539 3443 632 3560 'post
654 3442 969 3557 Aquisgranenle
991 3447 1141 3528 Conci-

202 3553 300 3636 lium
315 3553 484 3670 scripsit,
498 3583 660 3640 mortuo
678 3557 756 3662 jam
771 3555 926 3660 Felice,
942 3561 996 3640 im
1027 3585 1143 3640 eran-

205 3691 245 3750 te
260 3669 471 3753 L'udovico
484 3671 580 3776 Pio,
600 3674 664 3754 cui
684 3669 829 3791 librum
849 3669 958 3754 suum
974 3587 1144 3755 oitulit:
