3018 4572
307 361 310 366 ’
390 369 468 455 190
608 344 674 430 De
691 332 872 471 vatinius
894 341 1103 430 Hae'retr‘cir

392 455 610 542 censendus
636 454 693 539 est
723 455 866 539 Libros
893 461 1033 541 Sacros
1054 455 1247 573 suspocios
1270 451 1331 548 fn.

392 597 518 674 cere,
544 566 631 649 haec
656 593 771 652 tanta
804 573 1009 682 impietas,
1035 593 1201 685 tamque
1237 603 1331 661 exe.

391 684 546 765 crandn
577 683 654 763 erit
683 685 724 762 in
757 677 861 794 ipsos
899 684 1039 764 Patres
1065 682 1331 774 refundenda.

390 798 505 880 Nam
522 793 600 876 five
616 791 688 874 ista
702 790 899 875 haereticae
933 793 1092 886 ,erfidiae
1112 800 1330 912 reprehen-

389 907 447 995 iio
469 911 606 1023 primis
631 904 880 1019 temporibus
903 822 1007 998 titia
1025 906 1096 1013 stt,
1124 910 1202 995 five
1222 934 1332 1002 nunc

388 1045 632 1124 renovetur,
659 1020 803 1100 eadem
822 1016 879 1100 est
903 1015 1082 1132 prorsus,
1105 1022 1249 1106 eadem
1281 1051 1332 1110 uc

388 1131 512 1216 infert
531 1129 737 1245 Religioni
754 1129 989 1213 Christianae
1004 1133 1068 1218 vtl
1089 1053 1330 1242 commoia,

390 1244 455 1330 vel
474 1240 748 1326 incommoda.
773 1247 812 1326 Si
826 1242 878 1326 ab
900 1242 1114 1331 Haereticis
1137 1248 1239 1330 olim¹
1254 1248 1331 1332 fal.

391 1355 494 1440 satos
513 1347 622 1438 fuiffe
653 1353 809 1544 aliguot
842 1360 1052 1444 Sacrorum
1083 1361 1331 1446 Litterarum

391 1467 552 1550 codices
571 1490 689 1549 utare
730 1467 779 1546 ui
798 1468 937 1550 Patres
961 1467 1014 1552 sic
1036 1496 1256 1583 potuerunt
1271 1471 1331 1557 af.

390 1578 573 1682 firmare,
592 1604 635 1662 ut
652 1578 842 1662 sinceram
863 1580 1070 1664 Sacrorum
1083 1580 1331 1670 Litterarum

391 1695 668 1808 integritatem
698 1719 782 1773 non
812 1683 995 1774 facerent
1008 1693 1177 1780 idcireo
1202 1694 1330 1814 suspe⁴

391 1807 495 1888 &am
509 1853 520 1914 3
536 1804 646 1889 idem
665 1811 704 1888 bc
720 1829 826 1886 nunc
846 1801 970 1888 hodie
990 1803 1163 1920 praestari
1178 1811 1331 1923 potestt

393 1917 419 2000 ὲ
440 1922 647 2001 contrario
663 1916 691 1999 sr
710 1943 795 2000 non
813 1915 926 2032 poffit
945 1943 1051 2000 nunc
1071 1913 1157 2005 falfi
1178 1926 1332 2009 crimen

389 2027 531 2113 iisdem
551 2031 762 2112 H'aereticis
791 2033 973 2142 imponi,
1004 2036 1102 2146 quin
1126 2034 1330 2119 convella-

390 2167 458 2226 tur
474 2139 686 2226 firmiffimn
707 2147 915 2226 sacrarum
935 2145 1181 2226 Litterarum
1200 2150 1331 2232 tucio.»

388 2259 508 2358 ritas,
528 2253 579 2336 ab
598 2250 670 2334 ilio
689 2251 842 2364 flagitio
861 2277 945 2334 non
963 2251 1120 2336 fuiisent
1131 2260 1329 2340 immunes

291 2373 297 2386 “
388 2366 529 2466 Patres
540 2425 555 2470 r
571 2390 621 2447 ex
637 2389 810 2476 quorum
824 2361 934 2444 libris
946 2361 1032 2446 haec
1048 2364 1246 2456 accusatio
1263 2369 1331 2452 de·

388 2501 580 2594 prompta
603 2475 669 2560 est.
702 2477 830 2592 Igitur
844 2475 1172 2562 adversariorum
1195 2481 1252 2566 cst
1271 2483 1329 2563 vi.

391 2591 511 2696 dere,
530 2585 745 2674 maiint-ne
767 2589 874 2672 hanc
895 2591 1080 2674 universis
1099 2592 1188 2676 ferb
1204 2591 1330 2678 Patri-

390 2703 464 2788 bus
479 2701 628 2787 inferre
646 2701 913 2806 calumniam,
932 2723 977 2785 ut
995 2701 1085 2786 illos
1104 2707 1242 2791 dicant
1255 2704 1330 2790 sus-

390 2821 504 2933 pecii
520 2809 649 2900 feciffe
666 2817 785 2900 Sacra
805 2814 959 2920 Bibli23
985 2843 1038 2898 an
1057 2845 1202 2906 venam
1216 2820 1329 2902 iilam

391 2930 444 3014 de
502 2939 597 3012 nere
623 2927 906 3030 formidinem,
936 2929 1016 3042 qui
1031 2955 1247 3035 metuunt,
1277 2959 1331 3018 ne

389 3041 416 3126 s
448 3043 552 3157 peffl
572 3039 671 3124 fiant
700 3043 806 3124 Sacri
833 3039 969 3146 Libri,
991 3041 1020 3124 st
1039 3038 1159 3126 semel
1188 3071 1330 3130 conce·

391 3157 513 3238 datur
532 3153 662 3268 plures
683 3171 734 3236 e'x
757 3155 967 3245 Haeteticis
984 3158 1197 3241 Sacrorum
1221 3159 1329 3242 codi-

390 3297 484 3352 cum
508 3266 618 3350 fuiffe
636 3263 855 3350 falsatorem

444 3384 545 3468 Hoc
564 3379 662 3464 verb
692 3383 761 3493 qui
786 3383 931 3470 metuit
952 3373 1226 3491 Pyrrhonismi
1254 3375 1329 3466 sus.

389 3497 593 3612 picionem
609 3493 803 3610 aspergit,
825 3523 906 3576 non
929 3489 1111 3574 Patribus
1126 3490 1238 3599 folin,
1261 3491 1330 3580 sed

389 3613 513 3694 ctiam
529 3605 599 3722 ipii
610 3603 842 3722 Discipulo,
862 3627 982 3716 quem
996 3605 1064 3688 dili
1096 3605 1191 3690 ebat
1206 3605 1327 3725 Jesus.

387 3722 505 3811 Nam
523 3720 636 3834 quod
649 3720 712 3806 ilii
730 3719 856 3833 reipsa
879 3719 1029 3834 contig'
1062 3721 1328 3827 eaffitmant,
