3018 4572
343 359 571 474 'Eccleſsastin
588 363 757 447 Codicum
770 363 1053 467 Comparibus.
1110 369 1173 450 181

293 470 422 583 Quod
440 473 471 564 st
486 498 572 557 tarn
596 479 853 589 synagogam
881 475 1001 586 quim
1024 475 1174 562 chriti

236 583 453 674 Ecclesiam
469 588 583 672 Deus
606 589 797 701 Optimus
823 588 1026 672 Maximus
1047 592 1176 674 Sacris

237 699 401 785 Litteris
422 700 650 784 instruitam
674 699 829 786 voluit:
851 723 989 781 tamen
1019 726 1175 784 certum

238 807 295 895 est
327 813 451 904 etiam
506 811 567 896 0st
595 811 816 898 adventurn
849 807 1017 915 Christi,
1043 811 1067 894 d
1092 841 1176 924 quo

235 920 375 1008 divina
391 952 460 1036 my
520 924 578 1006 ria
601 922 732 1004 multi>
752 922 938 1026 uberius,
963 921 1084 1036 quim
1103 951 1174 1006 an-

236 1055 338 1139 tea,
370 1040 645 1149 percepimus,
673 1035 782 1149 apud
820 1032 1018 1120 barbaras.
1036 1060 1179 1153 gentes

237 1146 387 1231 multas
404 1145 531 1232 fidem
554 1145 824 1232 Christianam
847 1155 888 1234 δι,
909 1141 985 1262 pro
1015 1175 1176 1264 agatarn

236 1256 352 1353 fuisse
378 1257 677 1372 &aliquandiu
704 1257 947 1344 custoditam
1036 1261 1179 1348 collis

220 1358 394 1471 fiterio
423 1370 522 1454 Hoc
537 1373 647 1455 enim
660 1370 807 1463 diserti
822 1371 996 1458 affirmat
1014 1372 1179 1460 illorum

240 1505 470 1674 temforum
485 1482 645 1595 aqualis
662 1481 812 1576 sanctus
829 1487 1001 1574 Irenaeus
1017 1487 1181 1598 Lugdu-

239 1619 322 1674 nen
338 1622 393 1698 n,
421 1593 635 1706 cuiunhaec
653 1595 777 1680 verba
801 1593 905 1680 sunt.
931 1635 957 1676 ιι
969 1597 1087 1710 Quid
1108 1625 1176 1680 au·
1204 1635 1232 1675 ιι

239 1728 326 1787 tem
341 1721 385 1809 ²,
404 1709 560 1821 inquit,
585 1707 615 1790 n
647 1735 780 1820 neque
806 1705 994 1820 Apostoli
1013 1707 1178 1819 quidem
1205 1747 1232 1788 ιι

236 1813 450 1931 scripturas
466 1811 711 1932 reliquissent
736 1817 882 1920 nobie,
900 1846 1036 1924 nonne
1058 1849 1179 1933 opor.
1205 1860 1232 1900 ιι

239 1928 355 2012 tebat
382 1929 568 2017 ordinem
599 1925 637 2014 se
668 1933 709 2012 ui
735 1929 988 2028 Traditionis
1014 1999 1027 2036 ,
1057 1959 1179 2044 quant
1205 1971 1233 2011 ιι

236 2041 501 2142 tradiderunt,
522 2047 569 2128 iis
593 1957 739 2170 quiims
765 2037 1078 2124 ¹committebant
1104 2047 1176 2134 Ee-
1205 2085 1234 2124 ιι

703 2157 712 2169 0

238 2152 403 2236 clefiase
420 2155 509 2236 'Cui
533 2137 790 2240 ordrnnnoni
809 2148 1023 2240 affemiunt
1043 2155 1180 2244 multa
1206 2197 1233 2238 ιι
1269 2255 1272 2262 ⁴

270 2289 381 2349 entes
404 2264 674 2350 Barbarorum
705 2293 874 2372 eorum,
929 2273 968 2352 ui
986 2272 1030 2350 in
1057 2268 1178 2362 Chri·
1207 2311 1233 2349 ιι
1261 2321 1269 2332 -
1331 2299 1336 2309 ·

239 2293 344 2462 sium
367 2373 560 2484 credunt,
586 2377 667 2464 stne
692 2377 834 2464 charta
860 2296 1180 2464 iei'atramento
1208 2423 1235 2463 ιι

240 2487 426 2606 scriptam
459 2489 657 2578 habentes
678 2489 950 2606 perspiritum
972 2497 1017 2580 in
1045 2493 1179 2578 cordi·
1207 2533 1236 2579 ιι

240 2603 315 2686 bus
336 2601 409 2686 suis
426 2599 592 2716 saiutem
612 2669 623 2707 ,
646 2609 689 2686 δι
715 2628 894 2714 veterem
915 2604 1180 2689 traditionem
1207 2646 1235 2686 ιι

242 2715 460 2830 diligenter
488 2712 789 2820 custodientes,
815 2719 859 2802 in
886 2741 1013 2804 unum
1041 2717 1181 2802 Deum
1208 2757 1237 2798 ιι

241 2831 454 2914 credentes
480 2823 785 2924 fabricatorem.
802 2826 898 2909 coeli
920 2836 961 2910 δι
995 2852 1112 2911 terrae
1139 2837 1181 2914 δι
1206 2871 1235 2910 ιι

241 2948 425 3039 omniurn
443 2941 587 3047 quaein
606 2943 661 3021 eis
679 2937 787 3044 sunt,
812 2965 883 3057 per
897 2939 1181 3134 Christumge-
1207 2983 1234 3024 ιι

244 3051 327 3141 sum
346 3055 431 3166 Dei
452 3050 593 3142 Filium
712 3053 837 3136 Hanc
861 3042 985 3136 fidem
1009 3054 1078 3164 qui
1115 3079 1181 3144 nne
1208 3097 1234 3137 ιι

242 3166 386 3256 litteris
407 3163 696 3271 crediderunt,
729 3175 930 3278 quantum
948 3163 1002 3256 ad
1032 3161 1179 3256 sermo.
1207 3209 1234 3250 ιι

243 3305 338 3362 nem
362 3277 542 3364 nostrum
566 3275 726 3360 barbari
755 3277 878 3386 sunt,'
899 3301 1183 3390 quantumau-
1207 3323 1233 3363 ιι

245 3416 327 3476 tem
357 3392 411 3474 ad
437 3387 674 3474 sententiam
707 3387 1108 3475 &consuetudinem
1141 3395 1182 3474 &
1206 3435 1232 3474 ιι

279 3587 381 3646 'item
400 3601 483 3678 cono
499 3587 583 3679 iiaer.¹
598 3583 647 3643 lib.
665 3602 690 3656 3.
733 3585 811 3642 locus
823 3601 856 3643 tx
868 3583 912 3644 hit
925 3587 968 3648 ,est
980 3626 989 3656 ,
1001 3585 1115 3669 quinon
1129 3585 1186 3657 ira-2

242 3664 606 3828 3⁹2·.⁴·022323¹23.¹’55¹,s1
624 3684 695 3815 Pii
734 3663 956 3732 ΝΜ·

303 3861 307 3866 ·
893 3823 1121 3937 unj-
