2908 4544
311 239 535 352 Ecclefiastic.
549 235 715 322 Codicum
730 235 1008 344 corruptoribus.
1043 269 1112 350 505

186 349 302 433 brum
319 375 503 434 recenter
522 347 710 462 scriptum
731 347 850 432 fuiffe.
947 383 950 398 ’

228 466 286 544 At
297 462 399 545 istud
410 460 535 576 ipsum
547 459 813 544 confidentius
824 486 946 575 negat
957 461 1109 544 Adver-

187 569 315 656 satius,
339 577 444 658 Certi
466 574 559 655 liber
571 583 666 686 Regi
692 572 832 654 oblatus
846 589 884 669 ²,
903 577 1054 685 inquit,
1072 587 1134 656 in·

186 715 256 796 qno
276 687 454 793 praediila
471 684 584 766 verba
602 684 922 768 continebantur...
945 715 1011 768 non
1033 709 1133 765 erat·

186 798 547 912 recinssirrptns,sed
561 826 622 878 eas
631 819 709 902 prae
726 797 762 906 fe
769 796 918 897 ferebat
931 821 1108 886 notasan·

183 923 398 1020 tiqnitatis,
416 939 498 1019 quae
527 899 810 1021 &Gothesealci
839 907 886 1005 ὠ
916 917 1130 992 Καπανηπέ’

184 1023 531 1134 aetatemficperaret.
549 1022 674 1134 Qim
691 1034 807 1134 igitur
823 1021 973 1134 abſscrdi
993 1019 1042 1101 ab
1064 1035 1113 1102 iis

183 1135 352 1216 dicantur
370 1135 534 1246 intrasti,
553 1163 635 1243 quer
655 1157 742 1214 ante
767 1137 905 1216 illorum
929 1157 1042 1214 ortum
1073 1146 1113 1216 in

185 1245 275 1326 libro
289 1245 562 1328 continebantur.
578 1243 765 1328 Profecit&
776 1245 802 1327 fi
812 1244 915 1327 liber
930 1273 1013 1326 non
1025 1269 1112 1328 erat

104 1386 110 1398 x
186 1355 349 1470 scriptus
367 1357 537 1461 reeens,
558 1353 625 1438 sed
646 1383 711 1439 eas
730 1375 814 1468 prae³
822 1352 860 1441 se
872 1353 1028 1441 ferebat
1038 1385 1110 1437 no.

184 1490 244 1550 tas
256 1471 524 1582 antiquitatis,
537 1497 624 1581 qun
643 1475 683 1554 &
703 1466 961 1553 Gothescalci
978 1477 1018 1552 &
1031 1473 1113 1554 Ra.

183 1585 330 1661 tramni
349 1605 506 1664 aetatem
525 1579 726 1695 superaret
742 1649 755 1684 ‚
771 1576 925 1664 causam
944 1577 1113 1663 Custan-

183 1695 261 1772 tius
279 1690 481 1798 obtinuit,
502 1720 578 1806 ego
601 1693 782 1805 perdidi:
803 1718 879 1775 nec
896 1691 965 1774 nisr
979 1690 1111 1774 absur-

186 1802 240 1885 de
261 1804 341 1885 dici
358 1802 515 1918 poffunt
535 1801 611 1886 effe
629 1803 653 1884 i
668 1802 941 1886 Gothescalco
958 1802 1019 1884 vel
1035 1807 1127 1886 Rn-

184 1939 347 1996 tramno
365 1983 377 2021 ,
397 1941 466 1998 aut
484 1913 658 2028 ipsorum
683 1912 830 1996 affeclis
856 1910 1006 1997 intrusa
1023 1941 1128 1997 ver--

186 2024 260 2131 b'a,
277 2055 364 2142 quae
383 2053 477 2112 ante
495 2025 656 2110 illorum
673 2052 807 2108 ortum
832 2029 885 2106 in'
899 2024 1004 2108 libro
1022 2053 1114 2108 con-

183 2139 426 2224 tinebantur.
452 2142 551 2224 Huc
578 2166 676 2254 ergo
706 2162 794 2220 tota
822 2137 967 2221 recidit
999 2137 1114 2247 hujus

183 2255 322 2445 c'affii'tis
337 2251 500 2366 quaestio
514 2320 525 2357 ,
541 2253 677 2337 utritm
699 2249 857 2334 oblatus
869 2250 1021 2334 Carolo
1036 2253 1128 2336 Re:-

183 2369 224 2475 gi
257 2363 340 2476 'ber
359 2369 441 2449 anti
473 2393 543 2448 uus
569 2363 689 2450 fuerit
700 2408 716 2468 ,·
731 2389 784 2445 an
802 2389 962 2469 reeens:
978 2387 1115 2446 utrum

182 2497 342 2556 etatem
370 2479 458 2560 Got
489 2474 629 2558 escalci
657 2484 698 2558 &
725 2478 938 2556 Ratramni
957 2473 1113 2586 supera-

182 2590 304 2688 verit,
322 2584 547 2699 anseriptus
561 2585 682 2698 fuerit
691 2583 779 2695 post
789 2606 971 2665 exortam
983 2587 1114 2666 Hinc-

182 2723 337 2778 marum
367 2701 472 2780 inter
510 2705 550 2780 &
587 2699 853 2778 Ratiamnum
874 2691 1113 2780 Goehescal-

182 2835 355 2921 cunique
387 2829 508 2920 atque
536 2805 709 2920 ipsorum
742 2804 920 2888 fautores
945 2830 1124 2889 contro-2

184 2920 359 3004 versiam.
386 2923 509 3004 Hauc
535 2923 656 3033 igitur
678 2917 933 3031 quaestionem
961 2923 1124 3004 exemi--

179 3059 319 3116 nemus
340 3041 379 3119 &
400 3031 613 3148 diligenter
635 3036 892 3114 excutiamus.

233 3149 293 3226 Ac
315 3145 490 3260 primurn
509 3144 609 3227 illud
629 3140 920 3226 observandum
944 3143 1027 3248 est,
1046 3163 1121 3225 cn·-

181 3257 311 3341 dicem
335 3256 449 3340 istum
483 3286 567 3338 non
593 3255 735 3338 haberi
769 3253 792 3336 i
821 3253 936 3337 nobis
950 3301 961 3362 3
987 3279 1110 3368 atque

179 3370 283 3450 adeo
311 3398 392 3451 non
429 3367 536 3484 poise
563 3369 614 3452 de
644 3366 747 3450 illius
775 3389 891 3452 aetate
915 3368 1121 3480 judicium

179 3480 305 3585 ferri,
325 3480 395 3563 nifi
418 3507 468 3566 ex
497 3481 627 3574 verbis
653 3483 866 3572 Hincmari
881 3545 892 3584 ,
910 3484 979 3594 qui
1005 3477 1107 3564 solus

200 3634 211 3660 ²
225 3622 295 3684 ibid·
307 3639 372 3705 με.
390 3633 451 3702 163.
