3020 4564
373 359 445 456 148
596 361 661 442 De
678 355 858 436 veteribus
875 365 1081 438 Haerrn'air

327 455 564 580 ”picturare
591 463 864 571 convincitur,
895 471 988 578 quia
1012 471 1053 548 in
1073 463 1194 558 alium
1219 456 1305 572 sen,

327 611 354 649 n
370 574 455 658 sitm
467 577 709 690 detorquere
720 604 801 658 non
811 573 992 692 possunt,
1010 575 1107 661 falsa
1117 571 1191 660 eise
1207 602 1305 655 con.

328 723 354 762 ss
374 687 573 772 tendunt:
602 697 659 772 ita
680 714 816 772 tamen
835 715 880 772 ut
898 689 1069 772 eandem
1089 683 1305 770 falfitatem

326 837 352 874 ss
375 823 457 882 non
487 799 744 884 scribentibus
771 801 970 916 Apostolis
999 800 1208 904 tribuant,
1234 793 1305 878 sed

326 953 353 994 ss
374 911 505 994 nescio
523 913 664 1023 quibus
680 907 866 996 codicum
883 911 1192 1028 corruptoribus.

417 1018 1305 1140 CensebantergoManichaei,Apostolosqui-

371 1135 466 1216 dem
495 1136 602 1217 redte
630 1129 832 1250 scripsisse,
863 1148 903 1224 dt
929 1139 982 1221 ad
1007 1137 1183 1221 veritatis
1208 1161 1301 1214 nor-

371 1270 504 1326 mam:
533 1245 599 1328 sed
622 1251 780 1332 codices
808 1251 949 1362 quibus
974 1250 1135 1332 illorum
1161 1243 1304 1359 scripta
1375 1265 1377 1270 “

370 1355 707 1462 continebantur,
725 1359 971 1447 adulterator
989 1353 1123 1476 postea
1138 1355 1246 1442 fuisse
1262 1365 1304 1440 δι

371 1489 581 1583 corruptos
602 1471 930 1557 contendebant:
956 1503 1087 1587 neque
1107 1474 1214 1556 hanc
1237 1498 1303 1552 ac-

371 1577 613 1665 cusationem
655 1581 739 1664 salsr
793 1577 901 1696 pribs
938 1582 996 1666 illi
1030 1591 1305 1686 intentarunt,

370 1694 494 1808 quim
516 1689 711 1804 sensissent
728 1722 882 1777 errores
901 1692 987 1775 suos
1006 1695 1208 1778 clarillimd
1227 1694 1308 1779 sen'-

372 1805 587 1889 tentiarum
603 1806 879 1922 perspicuitate
898 1810 1106 1913 convinci,
1130 1834 1204 1890 nec
1216 1804 1308 1890 loca

371 1923 467 1999 novi
477 1917 748 2025 Testamenti,
771 1950 857 2032 quac
878 1920 966 2034 ipsis
990 1916 1305 2028 objiciebantur,

371 2027 480 2142 posse
499 2034 541 2110 in
560 2031 683 2112 alium
703 2032 853 2114 sensum
873 2035 1117 2146 detorqueri.
1215 2125 1218 2132 λ

427 2137 584 2222 Veritm
606 2141 710 2222 hoci
742 2141 780 2222 so
802 2142 972 2254 suspedra
985 2143 1126 2226 debuit
1143 2139 1217 2224 effe
1237 2167 1303 2221 ac-

372 2249 544 2356 cusatio,
562 2260 602 2334 &
628 2172 794 2366 explbdi
819 2277 1014 2364 tanquam
1029 2253 1151 2334 futilis
1175 2261 1215 2335 dt
1236 2279 1305 2332 va.

372 2387 448 2466 na,
466 2359 681 2476 prasertim
697 2363 789 2446 cbm
809 2363 889 2447 fine
906 2363 1024 2470 teste,
1046 2361 1127 2448 fine
1148 2369 1307 2450 audiore

371 2473 456 2555 ullo
476 2473 733 2588 proferretur.
758 2477 873 2593 Quid
892 2481 1163 2560 enimcertum
1176 2478 1254 2560 erit
1267 2485 1308 2562 δε

373 2579 643 2670 inconcussum
658 2636 669 2696 5
690 2589 718 2670 fi
736 2594 891 2702 quoties
904 2613 1056 2673 veteres
1072 2584 1165 2672 libri
1191 2588 1307 2672 nobis

369 2696 656 2804 adversantur,
673 2706 791 2784 toties
807 2701 901 2785 licet
920 2701 1080 2785 eosdem
1096 2729 1170 2817 pro
1186 2697 1308 2812 cujus-

376 2837 456 2923 que
475 2809 641 2894 libidine
665 2813 848 2896 accusare
866 2813 974 2921 falli,
1000 2814 1112 2897 nulla
1129 2810 1306 2925 ejusdem

375 2927 665 3007 criminationis
690 2923 929 3038 probatione
953 2925 1108 3012 allata?
1296 2931 1299 2938 ’

430 3033 1307 3154 Igitureranichaeosinterrogalses,quam.

375 3144 517 3229 obrem
537 3149 718 3262 quadam
738 3155 833 3231 novi
850 3149 1100 3235 Testamenti
1120 3150 1212 3234 loca
1229 3147 1308 3235 res-

373 3285 575 3452 puerent:
603 3261 792 3345 dicebant
811 3265 894 3374 jure
917 3261 1067 3378 respui,
1094 3287 1236 3378 utpote
1255 3292 1307 3348 ex

391 3369 522 3454 alsatis
545 3374 750 3456 codicibus
770 3399 894 3460 eruta.
923 3380 961 3459 Si
984 3399 1162 3490 petereS,
1193 3377 1306 3460 codi-

375 3510 440 3566 ces
458 3484 517 3567 illi
539 3484 767 3572 fuissent-ne
783 3485 911 3572 falsati
930 3495 1116 3599 nuper&
1134 3491 1305 3574 recensi

373 3621 458 3678 non
483 3598 687 3683 audebant
712 3601 938 3705 affirmare,
965 3627 1016 3684 ne
1043 3605 1303 3716 antiquorum

372 3707 659 3824 exemplarium
678 3717 916 3798 auctoritate
940 3717 1080 3830 aperte
1104 3709 1303 3800 mendacii
