3012 4574
361 363 433 438 292
582 336 645 416 De
659 331 841 438 ueteribus
862 342 1069 414 Haere‘trcu

355 442 610 556 perstringit:
631 444 715 523 imb
738 443 860 526 docet
879 444 979 538 nihil
995 443 1063 526 illa
1082 441 1293 543 affirmari,

306 600 331 638 a
387 550 781 656 uodsrtincr'edibile.
793 551 816 630 ι’»
828 558 977 666 Neque
988 557 1292 666 enim,²inquit,

305 711 330 748 η
356 584 410 748 sic
435 673 567 780 potuit
590 671 797 780 integritas
817 690 860 764 at
890 694 940 748 ue
965 671 1111 749 notitia
1136 667 1290 749 littera-

304 824 329 861 „
355 808 444 860 rum
466 785 579 862 unius
604 778 827 891 quamlibet
846 695 1004 860 illustris
1021 775 1202 894 Episcopi
1221 805 1290 859 cu-

303 936 329 974 „
355 890 516 995 stodiri,
548 891 894 1006 quemadmodum
925 895 1127 1006 Scriptura
1152 893 1290 973 Cano-

302 1047 328 1088 „
354 1008 464 1086 nica.
479 1069 486 1086 .
499 1068 531 1086 ..
553 1025 696 1084 contra
721 1030 843 1115 quam
878 1026 1016 1085 tamen
1041 1029 1126 1084 non
1152 1001 1288 1087 desue-

301 1161 327 1199 22
354 1139 449 1196 runt
470 1119 540 1228 qui
555 1112 623 1195 sub
637 1114 866 1197 nominibus
887 1114 1174 1230 Apostolorum
1191 1112 1291 1198 mul·

301 1272 327 1312 a
355 1250 398 1308 ta
423 1225 712 1341 confingerent.
750 1226 908 1310 Frustra
941 1227 1192 1341 quidem....'
1225 1253 1290 1309 ve-

301 1386 327 1426 „
355 1339 445 1422 rbm
473 1341 572 1452 quid
595 1340 710 1454 poffit
742 1340 934 1421 adversbs
957 1344 1176 1454 Scripturas
1204 1367 1289 1422 non

300 1498 326 1537 r,
357 1452 565 1534 Canonica
577 1455 813 1535 auderitate
824 1449 1034 1557 fundatas,
1056 1456 1178 1535 etiam
1194 1452 1290 1539 hinc

299 1567 330 1648 η’
354 1563 640 1647 demonstravit
657 1568 710 1644 im
741 1568 787 1644 iae
806 1586 974 1644 conatus
994 1564 1189 1648 audacia.
1202 1630 1210 1649 .
1223 1631 1231 1648 .
1245 1602 1290 1648 ‚u

352 1678 414 1758 Ac
435 1676 645 1790 postquam
668 1703 693 1756 o
728 1673 843 1780 endit
862 1672 948 1756 fieri
965 1671 1133 1788 potuisse
1153 1701 1199 1760 ut
1219 1673 1289 1762 sub

353 1790 548 1902 Cypriani
565 1791 729 1871 nomine
751 1784 907 1898 aliquot
932 1790 963 1871 E
992 1786 1113 1870 istolae
1132 1789 1287 1874 confin.

351 1925 543 2013 gerentur
567 1937 576 1981 ι
598 1898 745 2013 probat
762 1897 916 1982 litteras
933 1815 1020 1982 illas
1038 1902 1181 2014 quibus
1205 1905 1288 2018 Cy.

352 2016 512 2125 prianus
531 2011 724 2126 fignificat
741 2010 779 2096 se
799 2012 914 2093 aliter
927 2016 970 2094 de
988 2014 1164 2130 baptrsmo
1171 2018 1285 2130 finti-

352 2157 410 2227 re,
438 2125 548 2236 qudm
559 2124 683 2225 forma
704 2123 753 2220 ὠ
768 2126 971 2238 conficetudo
988 2128 1149 2208 habebat
1164 2127 1284 2210 Eccle-

298 2267 324 2306 υ
344 2237 431 2347 ſsae,
452 2263 534 2317 non
550 2232 693 2318 esseilli
709 2234 834 2350 reipsa
846 2235 1139 2347 abjudicandas.
1158 2275 1184 2312 ιι
1194 2240 1285 2318 Nos

297 2378 323 2413 ν»
354 2367 513 2477 tamen,
529 2352 660 2458 inquit
674 2350 710 2452 b,
731 2350 828 2477 duas
840 2347 893 2430 ob
906 2374 967 2432 res
981 2375 1064 2486 non
1080 2374 1284 2489 negamus,
1350 2393 1357 2400 ·

296 2459 453 2684 :illl
463 2456 1069 2762 rllss‘qffllllubplll
1096 2459 1286 2682 llll}

298 2713 324 2753 ἰ
353 2686 432 2798 qud
455 2685 569 2800 poffit
583 2684 764 2800 agnosci,
780 2692 820 2770 δι
839 2711 919 2794 quo
967 2681 1022 2764 ibi
1041 2690 1169 2800 magis
1185 2716 1283 2769 con-

298 2826 324 2899 ’3
351 2822 414 2879 tra
430 2829 500 2880 vos
524 2813 536 2906 (
546 2799 777 2882 Donatistas
795 2803 835 2882 δι
849 2798 1100 2909 Rogatianos
1118 2797 1289 2912 alloqui.

297 2937 323 2976 ¹²
351 2919 440 3010 tur)
462 2912 597 2996 nostra
612 2906 726 2994 causa
738 2905 982 2994 monstratur
997 2913 1201 3016 insidior,
1223 2939 1287 2996 ve·

297 3048 323 3088 ‘³
350 3023 516 3137 straeque
535 3022 791 3136 separationis
808 3019 1086 3136 praesumptio,
1107 3030 1183 3107 διε.

403 3139 516 3220 Hinc
544 3135 734 3220 debemus
763 3134 1021 3249 intelligere,
1051 3161 1172 3245 quam
1193 3134 1284 3221 scri.

350 3249 473 3332 bendi
488 3255 685 3332 rationem
698 3248 741 3327 in
757 3244 819 3328 his
845 3246 1123 3332 controversiis
1146 3272 1285 3336 tenere

351 3361 577 3448 debeamus.
607 3358 741 3444 Potest
767 3355 862 3442 sanb
887 3358 1076 3472 quisque,
1103 3386 1178 3474 pro
1198 3364 1286 3473 jure

350 3473 441 3579 suo,
461 3475 505 3559 id
522 3471 633 3592 quod
650 3501 789 3561 verum
806 3472 978 3580 judicat,
996 3470 1177 3557 statuere.
1196 3474 1284 3564 Pos.

351 3586 439 3670 sunt
456 3591 509 3695 ii,
530 3588 671 3704 quibus
688 3591 746 3671 ita
769 3586 948 3688 videtur,
971 3589 1127 3700 integra
1149 3588 1284 3674 dicere

370 3733 468 3793 ‘ibid
522 3720 525 3726 ⁵
812 3725 820 3812 Ι
857 3729 1105 3804 bibianumar.
