3020 4564
331 318 741 435 &cupidinearum
753 323 1034 429 corruptoribus.
1109 351 1158 436 93

225 423 340 515 fir'ra
358 435 575 537 edidimus,
601 433 738 549 postea
755 433 852 518 uero
868 441 1043 522 immane
1061 464 1157 554 pro.
1182 478 1209 520 ιι

226 457 410 630 stilulum
436 554 476 631 δι
492 544 638 660 ipsam,
663 548 771 658 cujus
795 573 1051 662 energemate
1079 553 1155 633 cir·
1182 590 1209 631 α

228 681 483 763 cumventus,
517 687 613 771 quas
638 657 689 740 ab
715 685 764 740 ea
787 659 928 740 didicit
952 659 1156 743 Phanero.
1183 703 1209 741 ιι

227 763 297 850 seis
315 766 476 884 scripsit.
493 805 517 842 n
549 771 649 850 Haec
665 792 802 852 autern
822 768 979 852 tradita:
1005 770 1056 852 ab
1076 770 1159 886 ipso

228 878 417 964 doctrinae
443 877 594 963 summa
621 878 687 963 est.
720 882 861 964 Docet
895 885 1057 964 unicum
1086 879 1160 966 else

224 996 397 1106 primum
429 995 707 1108 principium,
736 994 873 1075 Deum
900 998 1064 1076 unicum
1123 999 1163 1078 ui

227 1101 460 1210 sandiussit,
479 1103 607 1186 bonu's
626 1105 702 1186 &d
718 1107 914 1218 principio
935 1107 1073 1189 Deus:
1092 1023 1162 1190 led

229 1212 282 1295 ab
305 1215 377 1298 illo
399 1217 520 1298 aliurn
539 1211 615 1298 else
643 1216 882 1328 produdum
908 1219 1069 1321 Deum,
1093 1222 1163 1331 qui

229 1326 398 1408 minime
422 1325 549 1408 bonus
569 1325 636 1429 fit,
667 1331 796 1440 &qui
817 1328 1092 1440 hujusmundi
1115 1329 1163 1414 fit
1206 1343 1216 1356 ⁴

231 1438 446 1519 conditor:
476 1437 675 1522 Christum
697 1468 784 1521 non
813 1436 940 1554 specie
960 1439 1067 1546 sold,
1093 1439 1163 1526 sed

231 1548 327 1629 vere
343 1549 555 1663 apparuisse
572 1587 581 1632 ε
599 1575 735 1635 tamen
752 1578 915 1636 carnem
929 1581 1010 1634 non
1031 1554 1172 1745 lump.¹

231 1655 311 1743 fiffe
337 1661 388 1744 de
414 1666 548 1746 Maria
572 1668 763 1777 Virgine,
786 1661 854 1746 sed
880 1661 1067 1747 effinxiffe
1092 1665 1120 1744 si
1149 1669 1164 1746 i

231 1796 280 1854 ex
297 1798 469 1888 quatuor
486 1775 706 1864 elementis.
739 1777 789 1856 In
811 1771 896 1855 aliis
915 1778 981 1855 vix
999 1772 1022 1854 d
1048 1777 1162 1862 Mar.

229 1887 346 1968 cione
361 1886 527 1969 recedit.
740 1918 743 1924 ’
832 1986 834 1994 y

283 1998 383 2078 Hoc
411 1997 509 2080 vero
538 1997 600 2080 hir
629 1995 813 2081 omnibus
844 1999 1056 2082 Haereticis
1086 1997 1163 2084 firit

228 2131 445 2190 commune
464 2137 555 2192 cum
575 2114 815 2214 Marcione,
844 2133 889 2192 ut
903 2109 1163 2224 Evangelium

229 2221 349 2302 Lucae
364 2228 404 2304 δι
418 2221 609 2335 Epistulas
626 2223 765 2327 Pauli,
795 2252 894 2336 quos
921 2219 1023 2304 solos
1038 2227 1164 2338 Scrip-

228 2353 326 2414 turae
343 2335 469 2417 Sacra:
485 2332 609 2415 libros
631 2334 898 2450 recipiebant;
915 2331 1162 2441 mutilarent

215 2445 297 2528 'De
323 2445 513 2530 Cerdone
536 2445 732 2557 quidem,
767 2448 919 2530 Austor
939 2447 1160 2562 Catalogi,

222 2576 351 2668 'quem
362 2557 450 2670 post
466 2556 614 2640 librum
631 2560 683 2640 de
701 2557 1057 2672 praescriptionibus
1068 2565 1162 2643 Ha:-

228 2671 446 2750 reticorum
465 2670 572 2783 apud
596 2669 894 2754 Tertullianum
909 2670 1099 2786 legimus,
1117 2671 1162 2774 id

213 2779 372 2893 japertc
391 2780 556 2866 testatur
570 2799 584 2832 ²
597 2781 659 2864 his
677 2783 826 2896 uerbis:
854 2782 976 2868 Solum
994 2798 1162 2897 Evange-

219 2891 318 3004 ‚lium
337 2905 471 2991 Luca,
496 2889 648 3006 inquit,
671 2925 732 2978 nec
753 2909 873 2978 tamen
900 2919 1012 2978 rorum
1039 2909 1164 3006 recipit

232 3003 450 3110 (Cerdon)
470 3006 634 3115 Apostoli
651 3013 770 3091 Pauli
795 3039 906 3119 neque
931 3037 1073 3105 omnes,
1103 3026 1161 3102 ¹nt-

230 3149 301 3231 que
312 3141 408 3201 roras
424 3119 605 3226 Epistulas
617 3119 741 3232 firmit-

285 3233 382 3314 Hoc
395 3255 529 3318 autern
544 3236 587 3314 in
600 3231 693 3314 loco
709 3231 876 3315 dubium
898 3227 1063 3317 suboriri
1087 3245 1160 3346 po.

232 3344 329 3427 test:
355 3342 553 3458 primusne
576 3345 742 3427 Cerdon
762 3343 1022 3459 Evangelium
1044 3347 1161 3429 Lucae

234 3480 354 3569 atque
371 3457 483 3540 Pauli
503 3455 694 3572 Epistolas
707 3455 934 3541 adulterare
954 3455 1063 3540 ausus
1077 3455 1160 3542 fue.

229 3573 309 3654 rit:
333 3593 435 3650 anne
456 3570 536 3653 hoc
551 3568 575 3653 d
591 3571 802 3654 Marcione
820 3574 1030 3684 acceperit.
1057 3573 1157 3656 Cer-

244 3729 260 3756 -·
274 3733 335 3798 cap.
348 3727 385 3784 51·
392 3713 464 3776 Edit.
474 3713 566 3804 Rigal.
577 3736 604 3796 p.
614 3723 674 3799 ²5³·
