3012 4574
331 386 560 584 ¹Ecclepastic.
578 387 747 474 Codicum
765 386 1045 490 corruptoribus.
1085 419 1163 498 309

222 501 323 584 dicit
332 500 426 586 Euse
456 507 514 584 ius
529 502 626 616 quid
643 507 686 584 in
701 502 832 616 primo
848 496 952 580 libro
972 500 1068 586 ante
1084 507 1165 613 jam
1191 522 1217 561 ⁸·

225 613 396 718 dixerit,
422 623 463 699 &
487 615 599 728 quod
617 615 759 697 eadem
780 636 963 726 repetere
984 642 1068 694 non
1094 614 1164 696 de·
1192 637 1217 674 ‘⁸

227 725 331 811 beat.
359 731 398 811 Si
415 750 549 842 tofum
569 756 668 842 opus
687 723 888 839 Pamphili
904 721 988 830 est,
1012 753 1082 806 cur
1104 754 1164 808 re.
1193 749 1218 784 ⁸⁸
1261 801 1264 806 .

222 837 354 952 liquos
366 839 491 922 libros
504 867 589 922 non
601 839 815 922 transfers?
841 839 880 920 Si
895 835 1078 942 alterius,
1097 868 1168 919 cur
1193 860 1218 896 ⁰¹

224 978 377 1036 nomen
394 957 609 1036 immutas?
628 957 787 1036 Taces:
809 946 898 1063 ipsae
915 976 977 1032 res
996 949 1166 1063 loquun-
1192 971 1218 1009 ‘⁴

194 1109 198 1127 =
225 1087 320 1147 tur:
350 1063 539 1152 videlicet
565 1089 611 1150 ut
634 1064 848 1148 crederent
871 1066 1074 1176 Martyri,
1098 1067 1168 1176 qui
1194 1085 1219 1122 ‘⁴

224 1179 471 1264 Arianorum
502 1181 726 1370 princfipem
766 1174 1000 1257 detestaturi
1039 1187 1167 1260 erant.
1194 1196 1220 1238 ‘¹

226 1289 342 1400 Qud
362 1287 437 1372 tibi
460 1293 584 1371 animi
630 1285 721 1371 uisse
745 1287 902 1392 dicam,
929 1293 1058 1370 amice
1078 1287 1169 1372 fim·
1195 1311 1220 1348 ε·

224 1400 456 1510 pliciffrmea
479 1404 615 1484 Te-ne
634 1399 801 1517 potuisse
821 1403 1018 1486 Haeretici
1036 1401 1166 1482 homi·
1193 1424 1221 1464 ‘⁸

224 1517 287 1595 nis
310 1509 446 1618 libro,
473 1516 667 1626 Martyris
689 1539 842 1596 nomen
869 1517 1104 1625 imponere3
1130 1521 1172 1598 &
1195 1536 1223 1576 ‘⁸

226 1627 389 1736 ignaros
406 1623 476 1709 sub
495 1631 731 1710 auetoritate
750 1623 856 1709 testis
876 1624 1050 1728 Christi,
1066 1627 1168 1718 vOri.
1196 1647 1223 1688 a

173 1774 176 1782 ·
227 1741 339 1850 genis
369 1736 502 1824 facere
532 1737 787 1825 defensores?
808 1738 904 1826 ,Pro
944 1738 1171 1820 eruditione
1196 1761 1223 1801 ‘⁸

226 1849 307 2041 {pust
336 1849 529 1964 polles&
557 1849 731 1962 inclytus
759 1842 962 1954 mistam&
989 1853 1031 1931 in
1053 1851 1172 1932 Occi·
1197 1873 1223 1914 «ι

260 1985 352 2044 ente
377 1961 579 2067 laudaris,
607 1967 735 2043 itaut
765 1975 937 2066 κορυφαῖον
963 1987 1005 2045 te
1032 1989 1172 2045 omnes
1198 1986 1223 2025 ‘⁸

229 2096 307 2155 tuae
325 2079 450 2187 partis
477 2077 717 2178 nominent,
747 2105 832 2157 non
857 2103 950 2159 reor
983 2099 1025 2157 te
1052 2078 1170 2188 igno.
1197 2098 1228 2170 ⁴¹,

225 2181 324 2269 rasse
334 2183 488 2270 Eusebii
500 2180 692 2292 aduam
705 2255 717 2292 ,
729 2196 770 2270 &
787 2187 1044 2304 Pamphilum
1062 2191 1173 2276 Mar.
1196 2213 1223 2252 ⁸⁸

228 2322 359 2412 tyrern
377 2297 479 2382 nihil
495 2305 663 2381 omnino
679 2304 811 2415 operis
826 2299 1058 2386 condidisse.
1197 2325 1223 2366 «ι

279 2439 312 2518 3.
340 2412 398 2494 Ut
415 2411 730 2494 controversiam
755 2413 861 2496 hano
881 2413 1003 2526 plani:
1029 2412 1170 2497 defini.

225 2547 290 2608 ret
323 2521 630 2638 Hieronymus,
668 2539 914 2638 omnemque
942 2528 1172 2609 adversario

226 2634 361 2748 ansam
382 2636 556 2719 tricandi
579 2640 831 2751 praeriperet,
852 2635 932 2751 ipse
960 2635 1173 2720 Caesarien-

226 2750 308 2833 sem
330 2747 626 2834 Bibliothecam
645 2748 768 2853 adiit,
795 2749 863 2831 ubi
881 2748 1174 2834 authentica&

256 2862 466 2974 rimigenia
493 2857 717 2943 Eusebianae
739 2888 813 2976 pro
845 2864 922 2944 Ori
952 2887 1029 2946 ene
1058 2863 1171 2977 Apo-1

226 2889 345 3088 sogiae
362 2969 607 3086 exemplaria
620 2970 815 3058 asservata
832 2889 952 3058 fuiss
962 2973 1171 3058 verifimile

226 3085 293 3170 est.
328 3090 483 3199 inqua
513 3086 608 3168 cirin
643 3086 844 3202 reperisset
860 3085 937 3174 ,sex
964 3086 1172 3174 volumina

225 3198 438 3314 Apologia
476 3226 551 3312 pro
586 3200 799 3315 Origene,
833 3198 985 3316 singula
1016 3197 1171 3286 Eusebii

225 3337 379 3394 nomen
406 3308 557 3395 habere
585 3311 878 3426 deprehendit,
915 3337 1039 3427 atque
1069 3311 1172 3397 iliud

225 3423 384 3538 ipsum,
419 3424 532 3537 quod
563 3425 732 3511 Rufinus
766 3404 1169 3631 Pamphilixmine

224 3533 483 3650 inscripserat.
501 3575 524 3612 a
545 3541 622 3620 Per
636 3543 971 3651 interpretatione
1080 3566 1170 3644 am,
1196 3595 1221 3634 a

224 3653 391 3762 inquit⁸
419 3653 696 3764 Hieronymus
722 3649 919 3744 Rufinum
933 3650 1167 3764 alloquens,
1195 3661 1231 3750 ,ζ

248 3801 261 3836 ·
282 3791 341 3854 Lib.
361 3813 387 3870 3·
405 3791 488 3876 Apol.
506 3789 570 3854 adr.
582 3787 677 3852 Rufio.
693 3809 763 3854 rom.
778 3807 805 3862 4.
816 3811 881 3855 nor.
902 3791 977 3959 deip.
989 3807 1095 3886 3:54⁷·

991 3898 1031 3980 ¹11
