3036 4592
323 279 549 398 'Ecclesiastit
566 277 736 367 Codicum
750 277 1036 388 corruptoribus.
1109 307 1166 392 32

225 397 447 490 licebautur:
475 427 518 479 ne
545 395 754 478 viderentur
780 395 903 500 Judaeu'
932 393 979 490 (n
1006 393 1164 477 alterum

228 517 350 600 Deum
365 509 496 606 colere,
514 537 602 618 quos
616 511 677 590 tle
693 513 867 594 Platonis
868 505 1030 620 fellator
1039 513 1164 622 inagnt'

229 622 355 705 idcircl
365 621 563 726 faciebat,
591 635 682 730 quia
710 651 818 704 unum
836 629 961 705 Deum
981 620 1089 699 tulere
1103 621 1163 701 di-

227 762 392 820 curentur.
430 738 479 816 In
505 734 712 846 prologo*
741 756 877 814 autem
906 733 949 812 in
974 729 1167 814 Genesim

227 850 284 931 ait
306 849 544 962 septuaginta
563 856 723 930 Seniores
749 838 960 952 ubicumque
978 841 1169 954 speratum

227 959 377 1070 aliquid
398 969 586 1062 Scriptura
615 961 766 1061 testatur
789 957 832 1036 dt
857 967 978 1040 Patre
996 952 1051 1051 &r
1067 953 1172 1038 Filio

229 1070 278 1168 ὠ
295 1083 436 1178 Spiritu
447 1070 598 1184 sutullo,
616 1093 686 1148 aut
693 1067 807 1147 aliter
822 1081 1072 1172 interpretatos
1084 1065 1148 1174 effi
1155 1127 1169 1163 ,

229 1209 300 1265 aut
318 1197 454 1264 omnino
474 1179 617 1288 tacuifft
633 1242 645 1278 ,
662 1205 705 1290 ut
722 1177 769 1275 60
789 1192 884 1294 Regi
890 1181 1151 1293 fittisfhcerrnt
1156 1239 1172 1275 ,

233 1295 281 1394 (ἃ
302 1325 475 1377 arcanum
485 1292 579 1396 fidei
593 1321 659 1372 non
672 1291 873 1406 vulgarent.

289 1407 549 1488 Contrarium
565 1408 797 1518 opinionem
808 1403 1013 1518 amplexus
1025 1403 1081 1488 est
1091 1404 1172 1492 Au·

236 1516 433 1630 guibinus,
460 1541 535 1598 nec
561 1515 754 1600 credibile
782 1517 1019 1601 existimavit
1043 1554 1068 1596 ιι
1087 1515 1173 1630 sep·
1197 1540 1224 1578 ‘⁴

236 1632 419 1742 tuaginta
447 1631 690 1742 interpretes
719 1634 760 1712 in
790 1660 871 1714 uno
899 1629 993 1711 loco
1026 1627 1176 1740 positos
1198 1650 1225 1690 e«

238 1744 252 1822 i
281 1739 359 1822 lam
380 1746 590 1840 veritatem
611 1740 796 1854 gentibus
822 1741 1052 1842 alienigenis
1073 1742 1174 1819 invi.
1200 1762 1227 1800 ee

237 1769 347 1957 dille,
364 1861 717 1936 &communicato
730 1851 832 1931 istud
851 1827 982 1932 fecilie
1001 1847 1176 1931 confilio.
1201 1873 1227 1912 a

185 2007 193 2022 ·
236 1963 375 2068 Abfit,
404 1965 584 2075 inquiet,
608 1986 653 2042 ut
681 1963 857 2076 prudens
879 1959 1070 2076 quispiam
1093 1989 1175 2044 cre.
1202 1986 1228 2024 ιι

236 2077 311 2160 dat
341 2075 591 2190 septuaginta
630 2073 719 2156 illos
758 2073 1040 2158 memorabiles
1074 2079 1179 2156 viros
1202 2097 1229 2136 ‘⁸

1309 693 1311 704 ’
1380 713 1413 848 l

1307 1224 1362 1303 Χ

1363 1304 1386 1355 Χ

236 2187 319 2274 hoc
337 2189 389 2269 de
409 2185 629 2268 invidenda
650 2186 839 2382 pentibus
859 2191 1028 2271 veritate
1052 2215 1176 2268 unum
1202 2210 1229 2250 τε
1305 2243 1322 2256 -

237 2297 546 2383 communicalle
567 2329 646 2382 con
663 2299 786 2384 ilium.
816 2299 1058 2386 Credibilius
1079 2325 1178 2415 ergo
1202 2323 1230 2363 ‘⁸

237 2418 326 2526 quis
351 2413 498 2495 dixerit
523 2440 615 2493 cum
644 2417 817 2526 primum
843 2414 894 2495 de
926 2412 1181 2496 Bibliotheca
1202 2435 1261 2474 «ν
1318 2403 1323 2417 ‘

236 2525 446 2612 Ptolemaei
469 2520 638 2618 describi
663 2530 720 2606 ita
738 2551 970 2637 coeperunt,
990 2551 1087 2608 tunc
1107 2524 1179 2606 ali.
1203 2547 1230 2587 κ

236 2638 340 2756 quid
356 2636 436 2720 tale
457 2635 542 2718 fieri
557 2633 723 2748 potuille
742 2641 783 2718 in
799 2636 940 2720 codice
957 2667 1062 2743 uno,
1084 2635 1180 2718 scili·
1203 2661 1230 2700 “

233 2775 308 2837 cet
327 2753 510 2864 primitus
526 2745 621 2830 inde
647 2745 869 2864 descripto,
889 2751 997 2834 unde
1018 2753 1099 2864 Jam
1120 2748 1179 2830 la.
1203 2769 1231 2823 n

232 2871 320 2953 tius
342 2884 575 2962 emanaret,
598 2859 668 2944 ubi
687 2868 820 2978 potuit
849 2863 1032 2947 accidere
1057 2865 1179 2948 etiam
1205 2885 1232 2926 τι

231 2981 328 3069 Scri
358 2978 455 3057 toris
475 2999 599 3056 error.
900 3039 905 3048 .
1206 2997 1234 3038 a

340 3113 402 3170 tra
425 3090 567 3198 opinio
579 3113 674 3170 vera
692 3086 761 3194 fit,
778 3117 861 3172 non
881 3115 1014 3170 meum
1037 3089 1094 3170 est
1113 3089 1183 3171 de·
1242 3191 1245 3198 Δ

229 3209 386 3296 finire:
408 3198 475 3281 sed
491 3197 591 3280 illud
607 3200 719 3312 quod
730 3205 836 3284 inter
854 3226 1069 3313 utrumque
1087 3229 1185 3282 con-

231 3321 376 3417 venit,
396 3335 509 3394 certo
526 3313 855 3397 &indubitanter
873 3313 1045 3395 statuere
1063 3311 1187 3426 pollu.

228 3456 357 3542 φης,
372 3429 560 3508 nimirum
577 3427 763 3508 Graecam
785 3422 1035 3540 septuaginta
1051 3429 1187 3510 Senio.

262 3639 276 3670 ι
303 3621 399 3678 Tom.
412 3638 434 3674 ι.
714 3615 726 3778 ¹
741 3617 776 3680 de
786 3621 894 3682 ciuitate
904 3617 961 3678 Dei
970 3637 1030 3700 cap.
1042 3637 1082 3696 ις.
1092 3631 1192 3706 mm

266 3710 282 3788 u
303 3703 399 3764 Tom.
414 3717 440 3766 7.
452 3699 499 3760 tt.
510 3718 587 3760 nova
596 3697 643 3758 lib.
658 3713 699 3771 ις.
812 3759 818 3768 ,
1104 3763 1107 3770 ,

940 3775 1061 3894 ciiij
