3012 4574
262 273 265 277 ·
360 245 435 346 278
606 245 673 324 De
689 237 871 322 ventibus
889 247 1098 324 Haemicr'e

312 388 339 428 tt
357 355 435 434 niri
449 352 493 432 in
508 357 621 432 omni
633 355 858 466 Scriptura,
878 350 948 434 ubi
969 357 1135 465 Spiritus
1151 351 1300 436 sanans

312 501 339 540 κ
357 462 481 548 faetus
499 461 564 546 vel
581 489 738 547 creatus
759 460 835 548 effe
856 464 1079 569 diceretur,
1103 467 1300 550 continui)

313 611 339 654 u
357 571 591 688 subjiceret,
612 581 718 660 inter
737 603 899 660 caettras
928 601 1129 662 creaturas
1149 576 1300 662 facturn

310 726 338 764 ‚2
357 683 433 772 effe
464 691 654 803 Spiritum
685 687 901 774 santum?
944 714 1016 774 aut
1046 693 1195 774 iterum
1230 697 1301 804 qui

311 839 337 878 n
356 802 520 886 Patrem
546 799 750 887 &Filium
774 806 889 884 unius
912 800 1156 908 substantiae,
1182 803 1298 915 quod

309 949 335 990 n
356 916 504 998 Graece
524 910 679 1014 drodant
696 915 866 1021 dicitur,
887 915 1127 1030 designavit,
1146 920 1189 998 in
1204 943 1300 999 con-

307 1024 608 1137 „sequentibus
638 1028 771 1112 stanin
805 1028 988 1145 capitulis
1021 1028 1184 1112 alterius
1220 1025 1296 1112 effe

307 1174 334 1214 tt
353 1134 598 1223 substantiae:
619 1149 855 1225 &creatum
902 1161 1035 1225 uteret
1050 1142 1185 1226 dicere
1201 1166 1295 1224 eurn

307 1285 334 1325 u
354 1277 475 1362 quem
493 1253 615 1366 pauld
633 1254 732 1340 ante
750 1255 802 1339 de
816 1169 899 1369 ipd
911 1279 1057 1340 natura
1070 1256 1155 1340 Dei
1165 1255 1295 1337 Patris

188 1387 194 1398 ·
307 1398 333 1438 u
352 1371 693 1476 pronunciaverat
711 1389 882 1452 natum?
913 1368 976 1452 vel
993 1372 1141 1452 iterum
1160 1366 1212 1450 de
1229 1393 1293 1450 rt·

306 1511 333 1551 u
353 1473 593 1564 surretiione
608 1481 761 1582 carnit,
786 1483 856 1590 qui
875 1501 961 1561 tam
978 1482 1191 1564 evidenter
1234 1509 1295 1560 ro-

244 1631 247 1641 ·
305 1625 332 1665 n
352 1595 560 1674 nunciavit
579 1615 768 1675 naturam
782 1595 912 1674 carnis
933 1594 975 1672 in
994 1591 1145 1674 coelum
1161 1509 1295 1676 aden.

305 1739 331 1776 u
353 1699 448 1786 diffe
467 1731 560 1787 cum
579 1703 719 1790 Verbo
742 1706 849 1808 Dei,
869 1725 992 1816 atque
1007 1703 1107 1786 inibi
1126 1703 1295 1790 coelesti-

305 1851 331 1890 u
353 1812 424 1896 bus
445 1815 665 1932 appatuiffe
685 1815 921 1922 virtutibus,
943 1844 1096 1900 novum
1115 1823 1156 1899 δι
1170 1816 1297 1899 adrni-

304 1963 331 2003 u
351 1927 525 2012 randum
548 1935 604 2015 tis
619 1928 675 2013 sui
696 1929 822 2014 visum
843 1929 1116 2045 praebentemt
1138 1927 1294 2043 poffibi.

303 2074 329 2113 u
350 2035 389 2122 le
406 2063 495 2122 erat
508 2063 554 2123 ut
568 2041 677 2126 ha'nc
693 2046 841 2126 iterum
859 2071 944 2126 non
964 2042 1119 2126 diceret
1129 2036 1205 2124 esse
1226 2040 1298 2123 sal-

302 2185 329 2226 u
349 2151 553 2236 vandamt
583 2157 695 2267 Qia
718 2179 817 2267 ergo
849 2155 937 2236 haec
966 2154 1223 2235 inciderent
1250 2158 1295 2233 in

303 2299 329 2338 n
349 2287 443 2348 tum
461 2264 629 2377 quidem
680 2287 865 2370 oterant,
887 2269 957 2376 qui
974 2263 1040 2346 vel
1053 2284 1190 2346 mente
1209 2289 1295 2343 mo

302 2410 329 2449 u
350 2396 438 2478 tut,
469 2375 536 2460 vel
567 2291 737 2460 oereitro
768 2373 864 2461 effet
894 2373 1051 2458 insanus
1079 2422 1091 2483 5
1125 2374 1225 2486 quid
1247 2373 1296 2458 fit

302 2521 328 2562 n
348 2491 392 2568 in
409 2486 525 2572 causa
552 2487 676 2602 quim
705 2485 860 2603 poffum
889 2487 1068 2574 breviter
1095 2485 1294 2570 edocebo.

300 2635 329 2676 u
349 2603 519 2796 Ἕω
533 2599 581 2685 fit
601 2605 901 2686 Haereticorum
919 2603 1148 2704 temeritas,
1172 2599 1295 2738 quim

302 2749 329 2789 u
348 2718 388 2794 n'
426 2716 432 2730 '
470 2713 532 2796 his
555 2709 701 2819 sanus,
729 2713 831 2798 nihil
851 2711 963 2826 penfi
987 2711 1056 2796 fit:
1084 2710 1206 2795 facile
1230 2716 1292 2794 in.

302 2857 329 2902 u
350 2825 480 2940 telligi
501 2826 624 2910 datur
638 2854 688 2911 ex
708 2827 771 2910 his
791 2853 881 2940 quae
896 2823 1131 2939 frequenter
1151 2832 1193 2908 δι
1213 2825 1294 2908 aust

301 2975 328 3014 ι
349 2934 440 3022 sunt
464 2947 507 3022 δι
526 2943 709 3024 convicii.
745 2942 859 3022 Nam
878 2936 975 3022 ficut
991 2935 1166 3053 ipsorum
1188 2942 1295 3050 patri

303 3085 328 3125 u
349 3051 534 3136 Diabolo
546 3049 598 3136 ab
614 3056 731 3134 initio
746 3047 888 3136 falsare
907 3048 1031 3136 verba
1040 3052 1148 3154 Dei,
1170 3074 1294 3163 atque

302 3200 329 3239 u
350 3165 551 3250 infledete
573 3165 599 3248 d
618 3161 687 3248 suo
704 3162 871 3270 ordine,
891 3170 933 3248 δι
953 3161 1009 3246 sui
1024 3165 1170 3247 veneni
1192 3157 1291 3246 inse
1347 3173 1357 3193 ⁸

303 3313 331 3351 u
350 3306 440 3365 rere
459 3282 566 3364 virus
581 3277 755 3362 studium
775 3273 874 3360 fuit:
898 3280 956 3360 ita
975 3283 1016 3358 &
1034 3272 1123 3390 ipfis
1144 3271 1293 3361 succes-

303 3426 331 3465 u
352 3391 504 3476 foribus
520 3388 595 3488 suis
614 3391 722 3476 hanc
738 3388 813 3473 suae
831 3393 927 3473 artis
942 3387 1221 3474 haereditatem
1235 3416 1294 3473 re-

304 3537 331 3579 n
353 3506 483 3619 liquit.

406 3618 573 3704 Deinde
597 3617 756 3734 aliquot
779 3615 951 3702 aliorum
981 3619 1149 3702 Panum
1169 3614 1294 3700 libros
