2956 4558
347 379 434 478 406
575 382 639 460 De
658 373 840 454 veteribus
851 383 907 460 H
907 385 1057 456 ,cretica
1267 457 1273 470 ,

347 489 550 591 adoratur,
579 483 647 567 ubi
671 486 781 569 Felix
808 473 906 568 dicit
923 488 1130 594 adoptator.
1157 485 1281 570 Unde

350 621 515 704 autem,
543 597 700 712 quaes0,
726 597 916 710 Alcuinus
944 596 1086 683 rescire
1116 606 1249 714 pot'uit
1269 631 1299 704 ‚·

348 714 406 791 rei
436 711 476 792 sci
504 707 665 792 beafium
696 709 900 794 Hilarium
928 711 1061 795 di'cei'e
1084 705 1282 817 adoratur,

349 737 433 902 nili
433 850 482 904 ex
502 822 590 938 ipsis
611 821 760 906 Hilarii
775 823 906 927 libris,
946 853 1017 904 uos
1037 821 1283 940 inspexerat?

249 1001 252 1009 i
349 937 455 1048 Ergo
478 934 542 1017 vel
569 932 652 1050 ipso
674 933 847 1017 Alcuino
879 853 976 1018 telle
1001 935 1168 1020 verbum
1193 938 1282 1018 ado-

350 1069 479 1145 ratur,
507 1049 696 1160 jamtum
728 1051 870 1130 oiiavo
895 1047 1034 1130 saeculo
1061 1051 1103 1131 in
1133 1046 1282 1164 scriptis

349 1186 471 1242 manu
490 1158 695 1242 codicibus
715 1157 934 1278 legebatur.

405 1300 436 1374 3.
449 1269 451 1278 ’
465 1273 587 1356 Felici
605 1271 797 1356 Alcuinus
826 1277 981 1354 crimini
1002 1276 1150 1376 vertit,
1170 1271 1284 1382 qudd

350 1406 559 1498 paternam
580 1384 843 1500 adoptionem
865 1383 1086 1499 praviffimb
1107 1385 1200 1465 huic
1221 1383 1281 1464 lo.

351 1526 399 1577 co
420 1499 567 1610 instrere
594 1515 743 1579 conatus
760 1495 904 1599 licerit,
925 1523 973 1578 ac
994 1494 1182 1582 consueti
1212 1495 1284 1610 ipfi

350 1606 518 1692 versutii
534 1608 657 1693 verba
673 1607 792 1692 sancii
806 1607 996 1692 Dodioris
1012 1623 1203 1690 immutare
1217 1639 1284 1692 non

349 1736 519 1805 timuerit.
541 1721 668 1806 Certi:
693 1703 721 1804 li
738 1717 858 1805 sancii
875 1719 1024 1806 Hilarii
1041 1719 1286 1835 exemplaria

251 1859 255 1868 ·
348 1834 428 1944 jam
459 1860 545 1917 tum
565 1833 790 1919 habuissent
805 1836 1031 1943 adoptatur,
1050 1863 1133 1916 non
1155 1835 1285 1915 adora.

350 1971 431 2046 tur,
444 1948 594 2032 Hilarii
606 1947 736 2031 verba·
748 1949 1057 2057 immutassetnon
1069 1945 1286 2050 Felix,sed

342 2059 564 2169 ¹Alcuinus3
587 2089 732 2144 novam
753 2087 896 2144 vocem
917 2061 1011 2143 huic
1025 2059 1172 2144 Hilarii
1192 2058 1286 2140 loco

347 2171 542 2280 inseruiffit
564 2171 781 2278 Alcuinus,
804 2203 889 2256 non
916 2172 1037 2256 Felix.
1064 2171 1142 2256 Sed
1166 2169 1287 2254 Felici

350 2283 540 2366 Alcuinus
557 2283 810 2398 exprobrat,
829 2283 943 2398 quod
965 2283 1114 2366 Hilarii
1140 2283 1287 2390 verba,

347 2394 539 2496 *consueti
555 2396 625 2480 fibi
642 2392 831 2502 versutia,
842 2411 1024 2493 immutet,
1038 2395 1151 2510 qubd
1163 2395 1286 2510 adop.

351 2513 504 2592 tionem
520 2509 748 2706 fravissimb
763 2509 856 2592 huic
867 2505 960 2591 loco
979 2509 1122 2620 instrat.
1136 2513 1288 2638 Igitur,

349 2623 516 2735 ipfiusA
536 2627 640 2738 cuini
661 2621 888 2705 testimonio
909 2613 1119 2706 manifesti,
1137 2626 1285 2704 evinci-

351 2760 417 2817 tur
428 2735 674 2853 exemplaria
693 2735 842 2820 Hilarii
853 2739 995 2820 odavo
1015 2735 1096 2847 jam
1118 2756 1204 2817 tum
1219 2732 1287 2816 sae-

302 2898 318 2960 '.
350 2848 442 2931 culo
464 2847 639 2956 habuille
657 2847 854 2948 adoratus,
871 2864 959 2932 ‘non
977 2851 1185 2956 adoptatur.

404 2963 463 3044 At
482 2961 581 3045 verb
599 3030 609 3063 ,
630 2965 762 3074 inquit
777 2961 1003 3046 Custantius
1019 2965 1110 3058 ²‚in
1131 2988 1288 3054 memo

301 3131 325 3170 ‚,
350 3099 441 3157 rato
459 3073 620 3157 Alcuini
638 3114 663 3150 a
683 3075 775 3155 loco
802 3073 901 3158 illud
929 3077 1121 3189 imprimis
1150 3071 1286 3156 obser-

241 3256 243 3267 *
296 3241 326 3282 a
350 3187 553 3293 vandum,
571 3185 797 3271 nullatenus
818 3185 869 3272 de
888 3186 998 3270 libris
1027 3185 1288 3292 adulteratis,

300 3295 325 3394 ,,’
350 3298 417 3382 sed
438 3298 489 3385 de
504 3303 774 3384 unis·Patrum
794 3301 1027 3386 testimoniis
1047 3299 1071 3382 i
1089 3297 1221 3384 Felice
1240 3299 1287 3380 li-

300 3470 324 3508 „
349 3411 471 3496 nistrb
494 3417 668 3527 acceptis
689 3439 761 3497 aut
784 3417 914 3496 citatis
932 3420 997 3530 agi
1011 3481 1019 3500 .
1103 3417 1287 3520 (tamen)

299 3531 496 3621 „eierat
524 3554 607 3609 non
635 3525 714 3610 fine
734 3525 1013 3640 indignatione
1041 3523 1289 3640 exprobran-

301 3699 324 3736 ‚,
349 3639 445 3722 dum
465 3710 476 3746 ,
497 3641 524 3724 si
549 3637 676 3724 falsati
699 3639 864 3724 Codicis
892 3645 991 3754 regii
1022 3668 1110 3724 reus
1139 3633 1288 3760 extitis-

366 3790 377 3818 ·
391 3779 476 3843 Vind.
489 3801 547 3846 rer.
558 3781 634 3844 cod.
646 3803 706 3862 cap.
726 3803 767 3842 ιο.
780 3799 845 3862 pag.
866 3787 916 3850 87.
1054 3761 1058 3770 ¹
