3018 4572
395 349 474 432 266
628 361 693 436 De
705 352 884 433 veteribus
901 361 1109 436 Haerrticr‘s
1196 383 1234 404 ·‘

341 478 367 517 ‘2
394 461 584 564 lidiffimi,
607 461 758 574 aliquid
771 467 814 544 in
830 464 1245 550 Clementeinvenire·
1256 495 1325 581 po.
1360 519 1364 526 ·

209 663 213 674 ,
342 590 367 628 ‘²
384 570 573 674 tuissent,
595 574 706 685 quod
722 569 790 656 suo
812 571 988 687 ipsorum
1012 575 1198 689 dogmati
1208 577 1323 662 favis,

341 701 367 740 ’³
394 691 473 789 stt,
493 690 653 798 utique,
673 685 784 799 quod
798 687 1326 801 aitScriptura„.ficut·exul'-
1372 719 1374 724 ’

341 811 367 849 ”
393 820 482 879 tant
503 801 667 878 viliores
686 798 802 910 captd
819 797 980 912 praedd,
1001 827 1153 912 magno
1169 813 1320 913 praeor-

342 922 367 959 ‘’
393 913 461 990 nio
477 901 721 1012 extulillent,
745 909 924 1022 acplanb
939 910 1182 1023 praeforibus
1198 912 1326 996 osten-

342 1035 368 1071 ‘’
396 1024 558 1100 tationis
576 1020 703 1132 gratid
729 1016 947 1104 affixiffent.
974 1027 1197 1134 Nunquam
1218 1029 1326 1107 enim

205 1139 208 1146 '
343 1146 368 1184 ’³
394 1157 445 1211 ex
466 1131 685 1212 Clementis
703 1132 966 1216 Alexandrini
978 1133 1128 1248 scriptis
1144 1134 1196 1219 ab
1215 1138 1328 1218 Aria

343 1259 369 1296 ¹²
395 1246 454 1322 nis
472 1241 694 1326 foditatum
712 1243 786 1328 effe
800 1250 1008 1360 negotium
1024 1247 1245 1332 Catholicis
1261 1275 1325 1328 or„

344 1370 369 1408 ¹³
398 1353 589 1437 thodoxis
607 1383 655 1438 ex
671 1383 720 1439 eo
737 1353 934 1470 pollumns
948 1359 1195 1474 intelligere,
1215 1359 1329 1472 quiid

345 1482 371 1521 ’³
400 1467 621 1548 Catholicae
647 1468 824 1550 Ecclefrae
845 1474 1180 1583 Scriptores,·qui
1205 1477 1327 1556 inre.

345 1585 370 1634 ²⁵
383 1576 580 1662 ‚fellendis
595 1606 735 1662 eorum
760 1579 1048 1686 objectionibus
1068 1581 1326 1687 laborarunt,

344 1706 370 1744 ‘’
392 1690 450 1773 de
470 1691 704 1795 Clemente,
732 1689 844 1804 qudd
864 1690 1040 1774 illorum.
1048 1691 1202 1776 raviller
1212 1696 1327 1810 „dogo

344 1817 371 1856 ”
397 1808 521 1908 mati,
542 1833 746 1916 nunquam
767 1803 835 1886 rifi
850 1800 938 1886 sunt
956 1801 1183 1892 meminiffe.

369 1977 374 1986 .
451 1917 656 2000 Hactenus
673 1922 886 2021 Batonius,
905 1921 947 1998 in
960 1919 1072 2030 'errius
1084 1918 1215 2003 verbis
1225 1916 1330 2000 istud

398 2025 691 2134 observandum
719 2028 806 2130 est,
835 2031 946 2141 quod
984 2028 1121 2114 ltnfini
1153 2029 1329 2114 testimo-

398 2144 508 2218 nium
529 2131 684 2218 calculo
700 2141 771 2218 luo
799 2135 1064 2250 comprobat,
1090 2149 1130 2221 δι
1156 2141 1235 2247 qud
1254 2166 1328 2249 po-

399 2247 473 2330 test
489 2243 645 2328 ratione
666 2245 888 2328 confirmat.
923 2254 1024 2330 Non
1042 2247 1258 2360 ignorabat
1276 2244 1331 2358 sa

398 2359 454 2438 ne
486 2355 667 2469 piiffimus
701 2354 924 2440 vAnnalium
969 2356 1330 2444 Ecclefiasticornm

398 2465 588 2578 scriptor,
616 2469 728 2582 quod
746 2495 877 2581 neque
903 2499 984 2568 nos,
1006 2469 1087 2552 hoc
1110 2469 1205 2553 loco
1233 2471 1332 2556 diffi-

400 2579 596 2662 mulatum
625 2581 831 2687 volumus,
859 2582 1050 2668 Rufinum
1076 2583 1182 2674 hanc
1207 2581 1331 2698 ipsam

402 2691 457 2774 ob
471 2690 626 2775 causam
648 2695 836 2808 vapulare
861 2704 902 2778 δι
918 2695 1041 2779 rideri
1056 2695 1108 2778 ab
1120 2691 1334 2808 -Hieron'y'-

391 2831 471 2886 ‘mo
487 2814 583 2905 ³2&
603 2829 738 2890 tamen
759 2807 909 2913 Rufino
928 2808 1120 2892 adversius
1133 2812 1332 2922 Hierony-

402 2947 513 3001 mum
534 2920 613 3001 hac
639 2923 682 3000 in
704 2921 911 3004 occasione
937 2921 1166 3034 adstipulari
1188 2921 1226 3003 se
1250 2926 1334 3004 ait:

404 3058 633 3144 quanquam
657 3031 724 3114 ille
747 3031 895 3115 didlum
912 3034 995 3115 hoc
1016 3031 1125 3114 suum
1151 3033 1203 3116 de
1219 3034 1333 3118 adul-

403 3149 601 3226 teratione
626 3143 819 3226 librorum
845 3146 1085 3246 Clementis„
1110 3172 1195 3226 non
1219 3146 1334 3259 ipsius

405 3255 625 3340 Clementis
640 3253 887 3360 testimonio,
908 3285 991 3338 non
1005 3255 1138 3368 aliqui
1152 3263 1336 3370 antiquo-

391 3397 494 3456 ·rum
517 3372 764 3481 Scriptorum
791 3392 860 3450 aut
884 3367 1070 3450 codicum
1099 3367 1337 3484 manuscrip-

406 3503 541 3562 torum
568 3485 802 3564 audioritate
832 3477 1052 3564 firlciverat.
1088 3483 1187 3563 Hoc
1212 3508 1336 3564 unum

408 3591 629 3676 identidem
667 3597 919 3707 ingeminat,
945 3589 1048 3675 istud
1072 3595 1114 3676 de
1135 3617 1235 3676 tanto
1255 3609 1337 3676 viro

434 3735 578 3814 *apolog¹
600 3733 664 3796 adt.
678 3731 746 3796 tuf.
763 3731 811 3794 lib·
830 3751 856 3792 a.
872 3733 952 3794 Hier.
965 3752 1034 3798 ton.
1045 3753 1115 3808 am.
1126 3733 1312 3818 idiotam
