2908 4544
250 359 476 480 Ecclqiosiic.
491 365 660 449 Codicum
671 363 950 469 corruptoribus.
1002 380 1068 473 525

135 474 382 592 quapropter
407 477 557 560 fraudis
576 478 818 579 Auuorem,
835 501 919 556 non
938 477 1066 558 modb

105 585 107 592 ’
134 590 358 702 impostura
376 587 594 704 arguebat,
615 587 682 669 sed
711 590 833 668 etiam
855 585 1009 669 haeresrs
1026 596 1069 671 &
1155 649 1157 657 ,

134 696 335 816 sacrilegii.
352 707 454 814 Quot
479 702 560 811 ejus
580 697 743 782 censura
769 697 1068 780 iicbt'atrocior

134 811 180 895 fit
196 861 208 916 ,-
226 823 266 897 &
287 813 527 926 rejicienda:
548 839 633 896 non
660 811 814 892 idcirco
830 834 971 893 -tamen
997 835 1066 892 ex-

134 922 290 1011 cusatur
307 922 532 1040 impostoris
550 920 741 1039 perfidia,
762 926 831 1035 qui
849 923 903 1004 ad
922 919 1068 1027 causae,

133 1063 363 1150 quanquam
379 1038 566 1152 legitima
583 1099 595 1140 ‚
615 1033 889 1121 defensronem
914 1039 957 1116 in
979 1057 1067 1118 tex-

134 1170 221 1231 tum
241 1151 335 1233 libri
354 1150 406 1232 de
434 1149 501 1232 suo
523 1147 798 1262 superinduxit
812 1145 961 1252 verba,
979 1175 1067 1262 quae

133 1259 247 1344 series
267 1265 458 1346 orationis
474 1265 646 1344 omnino·
658 1287 742 1341 non
757 1258 956 1376 exigebat.

185 1373 452 1488 Diligentiam
482 1374 593 1456 iilam
623 1376 664 1453 in
688 1371 967 1456 examinandis
994 1375 1067 1478 iis,

133 1512 220 1596 quae
246 1484 380 1568 iocum
405 1487 671 1570 adventitium
702 1482 999 1566 antecedebant
1026 1493 1068 1570 &

131 1591 501 1712 consequebantur,
522 1597 772 1701 adhibitam,
789 1601 831 1678 in
851 1596 926 1680 suat
944 1595 1073 1680 causor

132 1711 393 1794 commodum
422 1716 545 1794 vertit
565 1710 792 1812 Custantius
819 1708 902 1790 hoc
925 1708 1075 1793 modo,-

131 1858 155 1895 ιι
177 1823 315 1904 Primb
331 1890 343 1927 ,
362 1827 543 1936 ioquin,
563 1821 714 1905 fatetur
732 1819 840 1902 uitrb
863 1823 1060 1906 Hincma-
1088 1867 1115 1908 ιι

130 1961 195 2015 rus
216 1933 448 2050 ambiguum
471 1933 598 2048 perse
617 1929 750 2036 fuiffe,
770 1930 907 2014 utrum
923 1937 1061 2046 genui·
1087 1977 1115 2018 ιι

130 2073 228 2151 nus,
245 2073 297 2128 an
314 2047 561 2138 adulteratus
575 2045 669 2128 effer
686 2068 819 2128 textus
835 2043 927 2128 iibri
940 2048 1064 2127 Caro.
1087 2087 1114 2128 ιι

128 2155 171 2240 lo
188 2161 252 2244 Re
280 2158 568 2242 iobiatizhanc
598 2185 648 2260 ue
658 2154 960 2275 ambiguitatem
973 2185 1062 2241 earn
1087 2197 1114 2241 ιι

128 2187 323 2378 extitide,
341 2300 428 2386 quae
445 2187 599 2354 nonnid
617 2298 667 2353 ex
685 2268 1002 2386 praecedentibus
1023 2279 1072 2356 &-
1087 2311 1114 2354 ιι
1147 2346 1151 2355 .
1177 2263 1181 2274 “

128 2384 464 2500 consequentibus
490 2383 720 2468 solveretur.
749 2385 805 2466 Ex
825 2411 908 2496 quo
935 2381 1059 2499 sequi.
1087 2425 1113 2467 ιι

128 2517 219 2599 tur,
238 2523 284 2580 ut
299 2525 390 2580 eam
409 2497 552 2582 fecerit
570 2495 653 2579 sola
671 2495 938 2578 diffidentium
953 2497 1063 2580 codi.
1087 2538 1114 2577 ιι

129 2631 222 2686 cum
241 2607 474 2711 diversitas,
492 2635 577 2688 non
602 2606 684 2688 ulla
704 2629 815 2688 certa
844 2630 915 2706 aut
939 2613 1062 2689 etiam
1086 2647 1112 2687 ιι

128 2716 348 2830 probabilis
363 2719 668 2802 adulterationis
687 2739 796 2798 nota.
813 2715 922 2798 Alias
935 2721 1063 2800 Hinc·
1085 2759 1111 2798 ιι

127 2854 260 2914 marus
286 2830 394 2913 hanc
411 2835 591 2912 omnium
611 2826 736 2910 oculis
763 2827 953 2942 subjicere
969 2827 983 2935 ‚'
1001 2855 1060 2912 at.
1086 2871 1111 2912 ιι

129 2967 208 3054 que
218 2948 261 3026 in
273 2942 496 3060 diplomate
506 2967 733 3026 memorare
747 2969 832 3022 non
842 2941 1117 3028 omififfetno‘

128 3055 193 3136 Ita
213 3055 468 3161 Custantius,
487 3059 529 3138 in
551 3056 660 3165 cujus
691 3051 821 3136 verbis
839 3052 967 3142 multa
995 3055 1065 3139 ha-

127 3166 206 3250 beo
227 3197 315 3285 quae
333 3167 640 3284 reprehendam.
657 3165 908 3280 1.Nusquam
929 3171 1061 3254 Hinc-

127 3305 260 3364 marus
271 3285 421 3388 fhtetur
437 3279 645 3396 ambiguum
655 3299 725 3386 por
732 3279 775 3394 se
783 3279 919 3389 fioffe,
942 3289 1063 3364 utrum

122 3407 325 3508 genuiuou,
341 3387 733 3500 aufidoltoratusuffor
746 3415 866 3480 textus
881 3391 969 3476 liboo'
983 3394 1060 3478 Cu-

127 3505 199 3587 rolo
214 3518 272 3590 Ro
294 3522 311 3589 ι·
329 3507 468 3590 oblati:
483 3505 568 3590 imb
587 3503 723 3620 saepiits
740 3507 963 3620 ingeminat
978 3529 1063 3589 tex-

127 3644 216 3704 tum
241 3537 357 3704 idum
369 3619 420 3704 ab
438 3619 667 3702 adulterante
684 3618 923 3730 interpofioum
943 3617 1082 3734 faust

161 3774 174 3810 ³
193 3773 261 3856 vag.
274 3793 288 3836 ι
294 3787 339 3850 17..
