3012 4574
331 331 411 407 300
558 312 813 394 Deveteribus
832 307 1036 399 Hernicis
1084 293 1087 302 ⁷

348 529 811 552 Μ

474 659 477 666 ’
627 669 861 754 Cnrur
922 667 975 746 Χ.

325 871 430 976 Alfii
452 874 644 960 Caeciliani
660 873 858 980 Epistulam
873 872 922 954 ab
942 885 1108 985 Ingentia
1126 882 1258 957 Dona-

379 991 465 1092 tista
484 987 592 1096 fiuffe
609 987 796 1101 falsatam
818 1013 829 1067 ἐ
856 999 955 1069 Item
978 984 1158 1066 veteribus
1177 997 1258 1094 qui-

377 1096 529 1296 bgffigta
546 1101 662 1294 {griis
688 1099 806 1200 multa
824 1099 887 1211 effi
906 1097 1040 1180 addita
1056 1097 1105 1178 ab
1133 1097 1259 1211 irflsem

375 1413 542 1520 'nntius
560 1438 800 1552 Augustinus
814 1437 908 1519 clam
925 1371 1081 1520 vidisset
1091 1439 1133 1519 in
1149 1433 1258 1518 Afri-

327 1561 353 1598 ³
394 1573 442 1628 ca
461 1547 656 1662 quosdam
675 1549 768 1632 libri
792 1547 1049 1632 Ecclesiastici
1071 1548 1255 1652 codices,

314 1661 358 1740 in
386 1662 529 1772 quibus
558 1661 726 1746 deerant
753 1660 879 1746 verba
905 1660 979 1743 ista
995 1677 1035 1765 ⁸,
1062 1659 1110 1756 (9-
1125 1675 1261 1741 iterum·

313 1785 440 1883 tangit
450 1779 574 1872 iilum,
599 1803 686 1888 qua:
709 1774 733 1858 ὲ
757 1776 878 1859 Sacro
898 1796 1013 1857 textu
1031 1771 1143 1855 eradi
1162 1773 1255 1856 Do.

314 1883 549 1970 natistarum
566 1892 782 1972 intererat:
807 1911 914 1970 ratus
929 1886 1094 1969 istorum
1111 1881 1255 1969 fraude

314 1991 425 2077 fuisse
443 1997 575 2101 erasa,
602 1999 715 2081 hoc'i
746 1998 791 2083 sis
811 1999 933 2084 scelus
954 1998 1090 2113 palam
1108 2023 1254 2110 expro.

231 2193 232 2196 a
315 2104 458 2191 bravit.
491 2108 607 2192 Falso
635 2028 823 2221 quilem,
847 2133 892 2192 ut
915 2110 1093 2222 ingenui,¹
1114 2106 1250 2220 postea

313 2215 508 2302 confessus
524 2218 602 2322 est,
621 2240 853 2302 nontamen
869 2220 1035 2302 temere.
1062 2221 1252 2302 Noverat

313 2331 422 2412 enim
456 2330 763 2414 Donatistarum
801 2332 1007 2444 ingenium
1044 2337 1085 2414 &
1121 2332 1249 2444 impu-

314 2440 577 2524 dentiffimam
595 2447 639 2525 in
650 2438 839 2526 'falsandis
855 2439 1005 2556 scriptis
1020 2441 1252 2525 audaciam:

312 2549 462 2637 sciebat
493 2553 792 2670 perditissimam
818 2559 832 2636 i
861 2551 992 2637 sorum
1018 2551 1160 2640 seuam
1190 2553 1252 2638 his

312 2663 465 2750 artibus
483 2665 719 2774 adolevisse,
738 2667 800 2750 his
813 2582 1052 2753 llccrevill'e.

188 2801 192 2810 '
366 2781 581 2869 Enimvero
597 2779 881 2895 cumprimum
897 2777 1014 2864 scillio
1024 2785 1067 2867 iu
1081 2777 1255 2868 Ecclesia

313 2887 622 3008 Carthaginensi
647 2895 705 2976 ab·
721 2896 766 2974 iis
784 2890 889 2976 fasta
913 2891 992 2998 est,
1016 2897 1085 3007 qui
1106 2895 1250 2976 Dona-

309 3005 407 3090 tistae
421 3011 557 3090 vocati
571 3003 682 3113 sunt3
700 3004 831 3087 statim
846 3004 904 3087 illi
917 3003 1146 3092 hominibus
1161 3033 1252 3122 pro.

310 3119 370 3202 bis
394 3141 440 3202 ut
463 3115 601 3202 fircum
620 3116 825 3222 facerent,
845 3113 1037 3228 suamque
1059 3117 1250 3246 perversi.

311 3255 441 3315 tatem
461 3231 514 3314 ali
545 3261 598 3316 uo
623 3233 782 3346 pietatis
806 3227 944 3312 colore
968 3228 1185 3327 illinirent,
1210 3239 1253 3315 &

311 3343 446 3429 fifieri
463 3259 591 3458 pulset
617 3340 877 3462 obtegerent,
906 3339 997 3424 ficio
1020 3343 1251 3426 Traditionr'e

312 3462 479 3542 crimine
497 3454 670 3542 Felicem
686 3457 720 3537 A
750 3448 984 3570 tungensem
1000 3453 1251 3570 Episcopum,

310 3572 430 3685 aquo
447 3569 683 3656 Caecilianus
719 3593 832 3654 uerat
851 3565 1081 3672 ordinatus,
1101 3594 1252 3682 perca

334 3729 468 3793 uam·
