3020 4564
366 325 433 428 156
593 329 659 406 Dr
675 319 854 399 veteribus
867 328 1077 401 Haereticir

363 430 520 543 vulgata
537 445 680 514 Latina
694 431 844 509 editione
867 427 1062 523 habentur,
1083 449 1149 532 pro
1170 439 1294 513 Sacae

363 543 413 637 (i
431 557 619 626 Canonicir
634 541 917 730 nonfiaefceperit:
935 539 1132 620 anathema
1174 566 1199 621 t.
1228 543 1294 622 ita

363 653 555 737 sancitum
578 652 661 734 est²
679 655 720 730 in
755 648 1041 732 acronnoas
1071 679 1125 736 no
1157 680 1184 730 ο
1202 655 1293 736 Tri-

362 769 537 850 dentina.
562 771 657 876 Qro
678 766 720 842 in
750 765 919 846 Canone
947 679 1213 846 anadiemate-
1230 762 1289 845 fe-

358 883 535 976 riuntur,
556 869 786 956 nonsolbm
814 879 1123 988 antiquiores&
1150 900 1290 959 recen.

359 993 479 1070 tiores
490 989 706 1090 Haeretici,
727 984 1289 1098 quinonnul'ios,seuveterir²

358 1099 422 1180 seu
449 1103 544 1179 novi
569 1096 815 1185 Testamenti
844 1097 968 1179 libros
994 1102 1175 1212 integros
1196 1101 1287 1207 reji-

357 1209 516 1292 ciebant
532 1248 542 1291 :
562 1208 762 1291 sedetiam
778 1209 835 1291 illi
847 1237 1009 1315 omnes,
1028 1213 1096 1322 qui
1112 1209 1287 1322 aliquam

356 1322 591 1404 eorumdem
610 1321 1004 1436 librorumpartem,
1028 1351 1114 1434 quae
1134 1326 1176 1402 in
1201 1319 1287 1404 vui-¹

356 1449 451 1543 g'ata
475 1433 652 1518 editione
669 1456 802 1534 extet,
817 1457 883 1538 pro
903 1446 1018 1518 Sacra
1038 1429 1290 1530 &canonica

347 1545 521 1658 siscipere
542 1545 822 1629 detrectarent.
843 1548 892 1626 Et
912 1549 1005 1654 quia
1024 1545 1153 1656 plures
1175 1549 1284 1628 Con-

357 1656 437 1740 cilii
458 1658 689 1741 Tridentini
715 1681 898 1770 tempore
922 1658 1074 1738 Latinae
1089 1658 1289 1740 editiones¹

335 1767 768 1871 circumferebantur,
795 1771 902 1852 inter
928 1795 1023 1880 quas
1052 1795 1137 1848 non
1163 1796 1287 1882 parva

356 1882 632 1965 intercedebat
653 1880 855 1965 diveriitar
877 1917 886 1962 z
907 1883 1062 1992 nequis
1081 1876 1174 1963 effer
1194 1883 1290 1963 rixis

356 1993 731 2076 &contentionibus
747 1991 880 2097 locus,
902 2019 1017 2076 ne-ve
1031 1992 1233 2075 Catholici
1245 1997 1288 2074 in

356 2131 490 2218 partes
518 2104 790 2187 scinderentur
817 2107 994 2206 incerti,
1016 2103 1066 2190 de
1097 2104 1175 2185 hac
1203 2109 1217 2190 i
1246 2099 1285 2192 sc

356 2217 519 2331 vulgata
539 2216 717 2299 editione
738 2218 882 2298 Latina
899 2218 1178 2329 pronunciavit
1200 2133 1285 2296 rin.

356 2331 458 2411 &aS
490 2328 639 2432 nudor,v
658 2325 765 2408 libror
780 2341 931 2441 integros
950 2324 1290 2440 comromnibusstea

348 2456 453 2548 pair·
467 2471 537 2552 nus,
553 2465 660 2548 prout
673 2453 712 2523 in
733 2444 801 2522 ida
823 2451 939 2522 vereri
961 2437 1119 2551 vulgata
1143 2454 1288 2530 Latrim

288 2551 293 2561 ’
354 2553 506 2640 editione
521 2551 696 2636 habentur
703 2616 716 2650 ,
733 2580 799 2660 pro
811 2562 932 2637 Sacris
951 2547 998 2648 ὥν
1021 2564 1208 2638 Canonicis
1225 2554 1288 2660 effe

348 2667 591 2781 fiaescr'piendos.
637 2665 731 2778 Qui
759 2664 923 2777 quidem
954 2659 1150 2747 sandione
1185 2664 1286 2746 nihii

355 2776 576 2862 denarium
597 2778 654 2860 est
683 2776 735 2860 de
764 2780 1020 2880 auctoritate,
1049 2804 1169 2888 quarn
1198 2781 1285 2868 He-

355 2885 492 2972 braico
505 2898 545 2974 δι
563 2890 708 2980 Graeca
720 2887 847 2971 Bibba
860 2888 983 2972 anteri
995 2887 1196 2980 habuere:
1218 2885 1286 2974 sed

338 3002 455 3094 ¹nihil
484 3007 605 3086 etiam
634 3001 728 3086 huic
759 3001 954 3082 additum.
999 3001 1155 3084 contri
1185 3001 1301 3082 verb·

354 3114 525 3229 vulgatae
547 3116 715 3199 editioni
736 3115 888 3206 Latinae
908 3140 1097 3228 magnum
1116 3111 1293 3194 audiori-'

354 3233 447 3310 tatis
465 3229 621 3342 pondus
647 3225 800 3310 acceffit
822 3263 833 3307 ε
860 3251 991 3337 neque
1009 3225 1087 3333 iam
1110 3222 1205 3307 licet
1225 3225 1284 3308 ul-

354 3339 436 3421 lam
451 3343 533 3450 ejus
551 3365 721 3456 partem,
736 3334 873 3422 saltem
886 3342 926 3418 in
939 3341 983 3418 iis
998 3363 1084 3450 quae
1094 3336 1146 3417 ad
1162 3336 1284 3419 fidem

355 3453 420 3534 vel
438 3481 569 3536 mores
586 3449 782 3566 speciant,
804 3475 873 3533 aut
886 3472 1116 3566 corruptam
1137 3449 1285 3556 dicere,

355 3589 425 3646 aut
438 3563 649 3681 suspediarn
665 3566 814 3650 habere
833 3559 931 3646 falfi.

385 3707 480 3780 'Seffi
494 3731 529 3786 4ι,
975 3735 980 3746 ’
1199 3675 1203 3684 ⁸
1243 3747 1249 3784 r
