3020 4564
370 357 440 434 114
551 369 556 394 -‚
606 329 865 416 nemoribus
885 338 1094 416 Haereticr's

363 470 388 480 ··
424 440 592 524 Dehinc
607 441 784 556 pluribus
806 439 953 555 probat
968 445 1121 527 erasum
1135 443 1187 529 ab
1200 447 1313 532 Aria·

365 559 430 634 nis
451 554 609 657 iocum,
632 555 683 635 de
702 557 849 666 Spiritu
865 551 996 637 santio
1008 619 1020 659 ,
1033 586 1125 639 non
1143 559 1195 642 de
1214 564 1310 644 Deo

364 669 492 749 ‘Patre
509 663 585 747 effe
605 663 934 778 intelligendum:
952 705 979 744 ει
1001 669 1085 750 Cur
1104 669 1311 754 aufereba-

322 811 348 850 η
372 800 461 883 tur,
493 780 645 890 inquit,
665 789 835 884 quoniam
858 789 962 864 Deus
987 791 1145 885 Spiritus
1176 789 1250 890 est;
1282 783 1312 866 fi

322 924 348 962 n
372 917 457 982 non
512 886 712 982 ertinebat
733 887 788 970 ad
813 893 1033 1003 Spiritum?
1064 897 1101 975 Si
1121 900 1227 977 enirn
1258 894 1311 979 de

321 1037 347 1075 o
371 1005 467 1085 Deo
484 916 610 1082 i‘atre
626 997 742 1083 vultis
766 1006 958 1115 exprimi,
985 1029 1084 1196 eppo
1109 1013 1149 1088 ὃ(
1170 1009 1310 1088 Deum

237 1194 238 1206 Ν
320 1146 346 1184 o
372 1116 536 1194 Patrem
551 1115 726 1227 negatis,
747 1118 815 1225 qui
831 1120 1010 1227 putatise
1041 1115 1309 1202 edelendurn.

308 1255 346 1296 r¹2
372 1225 521 1308 Utrum
541 1223 680 1326 vultis,
709 1224 844 1338 eligite
864 1231 933 1308 :in
959 1251 1133 1341 utroque
1158 1257 1229 1310 vos
1250 1230 1308 1311 la-

319 1370 346 1408 n
371 1365 495 1448 queus
512 1334 647 1419 vestra
661 1341 876 1450 impietatis
887 1337 1173 1454 adstringet,s1
1194 1343 1308 1425 Gen-

316 1482 345 1524 „
370 1448 459 1531 tiles
477 1477 547 1530 vos
565 1445 640 1532 effi
655 1445 887 1553 fateamini,
908 1449 971 1533 vel
989 1454 1151 1537 Patrem
1170 1457 1310 1538 Deum

317 1594 344 1638 ss
369 1588 421 1644 ne
451 1560 593 1665 ando,
624 1558 688 1642 vel
717 1562 918 1674 Spiritum.
965 1565 1149 1648 Tenetur
1186 1570 1199 1648 i
1228 1571 1310 1650 itur

259 1713 261 1726 =
317 1709 343 1750 o
369 1589 499 1757 vefira
527 1671 745 1778 confessio,
779 1699 859 1785 qua
891 1669 1047 1756 delestis
1078 1595 1309 1783 oracuium,

317 1822 344 1864 o
368 1785 467 1870 dum
494 1784 721 1870 formidatis
748 1783 989 1900 exemplum.
1022 1784 1196 1869 Deiestis
1225 1795 1310 1901 qui.

316 1935 343 1974 o
369 1898 520 1982 demin
540 1897 764 2014 pestoribus
784 1893 1003 2011 animisque
1016 1897 1174 2008 vestris3
1198 1924 1310 1984 cate-

316 2047 342 2090 n
367 2009 460 2091 nim
480 2011 660 2091 divinum
682 2038 768 2092 non
790 2010 948 2094 deletur
968 2011 1198 2116 oraculum,
1225 2041 1310 2096 non

315 2157 341 2202 u
366 2121 524 2208 deletur
544 2125 709 2234 Spiritus
725 2118 899 2225 sanstus,
922 2119 990 2206 sed
1004 2123 1206 2208 aversatur
1223 2127 1300 2203 im-

316 2271 341 2332 o
367 2237 451 2348 pias
472 2256 627 2314 mentes
649 2269 658 2313 ε
685 2259 769 2330 non
778 2230 948 2312 ‘deletur
965 2240 1116 2345 gratia,
1143 2232 1211 2314 ied
1233 2237 1309 2314 ini.

316 2383 342 2423 n
368 2349 498 2457 quitas
514 2409 523 2428 .
538 2410 546 2427 .
563 2407 599 2428 ..
626 2340 769 2430 Vestra
794 2344 918 2455 igitur
948 2343 1037 2426 estis
1066 2340 1308 2428 confeffione

315 2496 342 2546 n
362 2461 562 2559 convicti,
590 2455 709 2569 quod
738 2451 777 2536 sa
805 2459 935 2537 ienter
958 2453 1106 2538 fastum
1129 2485 1213 2540 non
1236 2485 1308 2570 po-

314 2609 341 2650 „
367 2569 473 2654 testis
485 2571 643 2669 dicere,
662 2566 728 2650 sed
745 2481 889 2651 sinte.
919 2567 1064 2652 Astute
1082 2573 1190 2651 enim
1210 2597 1308 2684 cog.

315 2723 342 2762 „
367 2682 528 2766 novistis
556 2676 645 2764 lou·
666 2679 774 2762 istius
798 2709 869 2762 vos
901 2679 1167 2764 adtestatione
1211 2711 1310 2764 con-

315 2836 342 2876 „
366 2799 496 2898 vinc-i,
530 2819 608 2880 nec
630 2817 868 2908 argumenta
899 2792 1026 2876 vestra
1048 2792 1237 2876 adversus
1262 2792 1307 2874 id

314 2950 341 2989 n
367 2907 474 3022 poss‘e
503 2906 772 2990 testimonium
806 2910 1033 2988 convenire.
1073 2907 1170 3019 Qui
1199 2909 1308 2988 enim

314 3062 341 3102 o
366 3021 480 3135 poffit
506 3019 587 3102 alio
613 3017 833 3100 intellectus
862 3017 942 3100 loci
972 3017 1080 3100 istius
1107 3021 1307 3121 derivari,

315 3175 341 3216 n
367 3135 460 3215 curn
478 3131 592 3216 series
610 3131 786 3215 lectionis
802 3154 890 3213 tota
907 3130 958 3212 de
976 3134 1121 3242 Spiritu
1133 3129 1206 3213 fit?
1233 3133 1308 3238 Ni.

314 3287 341 3328 22
367 3247 559 3329 eodemus
575 3247 719 3357 quasit
737 3243 789 3324 de
801 3245 1130 3356 regeneratione,
1147 3237 1307 3356 respon-

313 3399 340 3441 n
367 3357 437 3442 det
462 3362 665 3442 Dominus
687 3393 699 3454 :¹
723 3365 873 3453 Amen,
894 3384 1000 3437 amen
1015 3355 1092 3432 dico
1114 3353 1209 3457 tibi,
1240 3356 1312 3468 nist

314 3511 341 3552 o
365 3486 447 3578 quis
474 3497 617 3553 renatus
638 3471 760 3571 stertit
779 3492 849 3574 per
873 3497 1013 3578 aquam
1032 3464 1080 3562 ό
1104 3478 1305 3574 Spiritum,

313 3622 340 3663 ss
363 3611 430 3664 non
444 3591 552 3691 potest
565 3597 710 3684 introire
723 3596 761 3665 in
779 3611 920 3692 regnum
933 3589 1022 3666 Dei.
1053 3581 1103 3664 Et
1118 3606 1163 3663 ut
1179 3580 1307 3662 osten-

227 3695 231 3704 '
313 3693 480 3792 oderet
505 3695 623 3792 aliam
646 3697 950 3809 generationem
976 3691 1197 3776 secundum
1218 3720 1310 3775 car-v
