2896 4562
275 339 501 452 Ecclefiastt'c.
525 337 695 424 Codicum
710 323 988 445 corruptoribus.
1033 369 1076 447 59
1083 367 1100 442 3
1192 341 1195 348 ⁴

167 449 291 562 quani
309 450 444 534 futilis.
460 451 592 559 Nullo
613 472 748 531 autem
768 474 1009 564 argumento
1027 480 1102 566 po-

140 585 145 596 ·
166 561 242 643 test
253 567 327 646 iiiti
342 568 482 678 :igitur
493 589 578 645 non
596 562 652 646 est
668 565 897 644 timendum
908 590 979 664 ,ne
987 565 1101 677 quod

128 722 142 762 ,ε
166 677 381 757 Haereticis
400 675 667 788 objeuamus,
701 673 773 787 ipsi
792 678 945 788 pariter
965 679 1007 757 iii
1027 703 1102 758 nos

164 811 441 901 retorqueant.

219 900 794 986 Deindenovarumhaeresum
805 897 1102 1094 Magistri‚‹p1ui-

165 1007 327 1095 buscum
347 1040 433 1098 iem
448 1042 556 1098 nunc
574 1011 933 1130 temporishabent
948 1013 1028 1096 Cat
1061 1042 1103 1094 o·

162 1121 229 1206 sici
240 1192 251 1228 ,
263 1124 366 1208 istud
382 1125 497 1210 nobis
513 1153 719 1242 opponere
732 1124 862 1208 multb
872 1109 1006 1208 minito
1015 1123 1101 1240 pos-

161 1233 387 1351 sunt.Quip
417 1236 1110 1352 etestimonitPatrum,quibusEc-²

161 1347 287 1431 clesiae
298 1265 522 1434 Catiiolicae
542 1349 795 1436 definitiones
814 1375 999 1449 tuemur,
1015 1377 1101 1433 non

154 1461 292 1542 modu
326 1464 514 1548 ineditis
543 1463 655 1548 libris
687 1487 858 1566 extant,
879 1460 946 1550 sed
975 1466 1100 1546 etiam

163 1575 206 1652 in
233 1573 440 1657 codicibus
458 1575 610 1694 scriptis
634 1575 761 1692 longb
781 1573 1098 1687 antiquioribuS,

164 1685 285 1797 quim
306 1684 525 1772 suntSeuae
542 1715 687 1772 contra
707 1716 805 1802 quas
821 1687 906 1770 haec
921 1686 1099 1771 testimo..

162 1801 230 1880 nia
263 1801 554 1914 producuntur.
582 1802 692 1885 Cum
721 1827 821 1914 ergo
844 1798 1049 1906 Librati,
1074 1799 1099 1884 ἃ

191 1909 304 1994 uibus
336 1915 497 1998 codices
521 1912 611 1996 sunt
641 1917 818 2017 exarati,
842 1939 894 1996 ne
914 1913 1097 1994 divinan-

161 1937 217 2102 do
232 2023 398 2136 quidem
418 2025 618 2134 conjicere
632 2029 840 2141 potuerint
857 2021 1012 2106 futuras
1028 2023 1098 2106 ali-

160 2135 327 2248 quando
345 2134 543 2249 ejusmodi
553 2142 703 2245 Sedas3
723 2136 834 2222 nullo
854 2137 971 2253 padio
989 2141 1097 2220 veni·

157 2274 202 2330 re
228 2245 387 2363 possunt
415 2254 457 2334 in
487 2247 773 2366 suspicionem,
803 2277 855 2334 ne
884 2248 954 2331 illa
984 2247 1096 2332 libris

159 2390 261 2473 quos
291 2361 572 2448 describebant
604 2363 842 2448 inseruerint
870 2362 1093 2476 dogmata,

157 2497 244 2583 quat
269 2502 390 2558 nemo
411 2500 510 2558 tunc
536 2481 591 2560 im
622 2475 801 2590 ugnabat
819 2543 831 2580 ,
851 2502 972 2560 nenio
995 2473 1096 2556 olim

155 2505 816 2700 impugnandaesiesusiicabatur.

111 2729 116 2740 ·
209 2698 356 2780 Tertib
386 2698 559 2811 denique
584 2697 757 2783 Ecclesia
783 2695 1025 2804 Catholica,
1046 2724 1092 2781 ut

155 2812 198 2891 in
230 2806 409 2923 sequenti
439 2814 571 2926 capite
598 2808 681 2894 suin
716 2807 1090 2920 demonstraturus,

153 2920 331 3005 falsarios
349 2922 502 3038 semper
517 2922 614 3006 odio
628 2921 799 3029 habuit,
818 2919 908 3036 ilios
926 2923 1091 3009 anathe-

155 3039 254 3165 inuti
264 3034 449 3144 subjecit,
467 3033 694 3232 spuriosepue
712 3063 853 3120 eorum
865 3035 989 3120 foetus
998 3063 1091 3178 pro·

154 3145 314 3262 scripsit.
334 3153 474 3262 Quare
493 3177 650 3236 nonnii
675 3147 832 3248 temeri
853 3155 892 3236 δι
916 3147 1018 3232 falso
1047 3179 1090 3232 iii

151 3291 164 3342 i
193 3259 274 3343 sam
292 3261 452 3375 ejusque
472 3261 574 3346 filios
593 3263 825 3374 rejiceretur
845 3265 998 3347 crimen
1017 3259 1089 3348 fal.

151 3290 205 3479 si,
224 3376 336 3487 quod
357 3379 567 3460 Haereticis
584 3373 925 3490 exprobravimus.

204 3493 307 3603 Quae
323 3487 418 3569 cittii
434 3491 493 3570 ita
518 3487 616 3593 sint,
629 3515 679 3571 eii
698 3513 749 3572 eo
759 3487 872 3600 qudd
890 3490 1086 3593 Haerenci
1188 3577 1192 3588 ,

151 3601 338 3684 dicantur
356 3603 524 3684 Patrum
544 3598 730 3716 operibus
749 3628 834 3686 non
849 3598 1084 3715 pepercisse,

141 3714 230 3796 -lioc
255 3741 379 3798 unum
398 3708 643 3828 consequens
664 3709 740 3798 esse
766 3711 922 3832 potest,
940 3740 1084 3830 nempe

832 3828 911 3940 Pi
