2896 4562
1015 208 1029 244 Ι
1064 225 1071 252 r

317 301 393 378 626
520 297 602 377 ·Dr
615 290 794 370 veteribus
815 297 1024 374 Haererica

315 431 424 490 trum
455 401 566 485 libris
598 399 792 518 quispiam
816 431 933 500 error
961 403 1013 488 ab
1044 409 1259 490 Haereticis

316 517 485 602 insertus
518 513 659 598 suisset.
685 519 799 600 Nam
837 516 936 629 quid
967 515 1087 600 sandi
1112 522 1258 602 ¹Patres

318 631 418 714 olim
450 625 667 732 senserint,
690 653 742 710 ex
765 623 941 741 ipsorum
973 629 1083 712 libris
1109 632 1259 746 potiffi-

319 771 431 828 mum
449 740 660 856 judicatur.
678 743 819 853 Quare
842 741 870 824 sr
888 747 1069 824 omnium
1087 769 1157 825 aut
1176 744 1260 858 ple-

307 881 540 966 rorumque
557 851 651 936 libri
670 852 722 936 ab
738 851 951 938 Haereticis
964 856 1102 937 violari
1113 854 1257 959 essent,

321 974 364 1052 in
381 994 461 1050 una
478 965 831 1079 aliquamateria,
850 993 938 1078 qua:
958 967 1013 1048 ad
1037 965 1160 1052 fidem
1186 992 1258 1052 aut

321 1106 465 1163 mores*
487 1082 715 1194 pertineat,
744 1077 981 1162 viderentur
1018 1107 1160 1164 omnes
1189 1104 1258 1164 aut

322 1192 504 1308 plerique
517 1185 743 1274 consentire
763 1191 816 1272 ad
836 1191 938 1274 illud
956 1191 1261 1297 affirmandum,

322 1303 435 1417 quod
454 1299 548 1386 esset
569 1303 592 1383 al
610 1302 912 1418 corruptoribus
935 1305 1153 1389 inductum.
1179 1309 1261 1420 Igi-

314 1443 389 1500 tur
408 1413 607 1519 Ecclesra5
627 1441 713 1525 quae
728 1422 960 1500 unanimem
981 1421 1147 1502 Parrum
1167 1447 1264 1500 con-

323 1523 476 1612 sensum
502 1525 656 1642 semper
677 1522 833 1642 suspicit
861 1555 908 1611 ac
932 1553 1145 1616 veneratur
1168 1535 1263 1636 ,in-

322 1645 480 1725 vetrum
492 1643 536 1722 in
553 1642 734 1724 omnium
752 1641 919 1724 Patrum
941 1669 1065 1756 opera
1082 1669 1266 1726 errorem
1359 1743 1364 1753 Ι

323 1754 580 1836 admitteret..
595 1755 698 1868 Quae
717 1753 813 1834 cum
843 1759 900 1836 ita
929 1753 1029 1860 fint,
1050 1751 1265 1838 fatendum

325 1865 645 1970 est,nonmini1s
658 1857 732 1948 elle
744 1865 981 1950 incredibile
993 1872 1173 1950 omnium
1193 1868 1269 1951 Pa·

328 2005 437 2062 rrum
456 1976 580 2060 libros
596 1979 639 2060 in
657 2005 737 2060 una
748 1977 884 2090 aliqua
894 1985 1063 2063 materia
1077 1983 1129 2063 ad
1143 1979 1268 2063 fidem

328 2116 401 2176 aut
418 2117 551 2181 mores
569 2085 768 2203 spedante
788 2085 864 2174 eslle
887 2119 1123 2207 corruptos,
1144 2093 1267 2207 quim

329 2201 567 2286 incredibile
584 2201 631 2284 srt
649 2201 863 2284 Ecclesiam
886 2203 1146 2286 Catholicam
1162 2233 1269 2289 erro.

328 2340 417 2396 rem
446 2312 647 2424 aliquem,
665 2335 859 2424 tanquam
886 2321 1102 2427 genuinam
1123 2317 1273 2402 Tradi-

331 2429 510 2530 tionem,
531 2419 626 2506 susci
654 2445 722 2506 ere
740 2421 859 2540 polle.

375 2537 455 2622 Sed
470 2535 557 2620 haec
576 2449 770 2622 subdant
789 2538 842 2620 ad
854 2533 1087 2624 evellendos
1106 2567 1156 2626 ex
1168 2571 1270 2658 quo.

287 2643 290 2655 ’
332 2649 519 2736 rumdam
538 2647 849 2734 Catholicorum
870 2655 1012 2734 animis
1042 2652 1274 2770 scrupulos,

333 2764 477 2879 quibus
505 2761 804 2866 riment,nes1
831 2765 1035 2848 nonnullis
1060 2771 1275 2853 Haereticis

334 2877 474 2965 audax.
492 2879 534 2956 in
557 2871 745 2956 falsandis
763 2875 930 2959 Parrum
949 2878 1135 2993 operibus
1153 2883 1273 2996 perfi-

265 2995 269 3002 '
337 2990 406 3072 dia
440 2983 708 3180 exprobretur
726 3053 739 3092 ,
755 3069 756 3072 a
763 2991 962 3105 praecipua
993 2993 1277 3080 convellantur

338 3097 490 3216 Apollo
509 3103 578 3182 lcae
591 3096 843 3182 Traditionis
857 3099 1142 3216 fundamenta,
1153 3131 1279 3224 atque

341 3217 508 3298 omnino
532 3207 779 3297 subruantur.
