2896 4562
373 385 450 493 596
584 387 649 465 De
667 381 848 462 veteribus
864 391 1072 470 Haerericis-

372 521 499 598 men,
523 489 594 573 nisr
615 495 772 574 ratione
790 496 958 576 omnino
982 493 1223 600 destitutus,
1247 493 1314 578 id-

371 611 481 688 circo
501 601 681 689 universa
705 604 871 686 Parrum
900 633 1025 720 opera
1048 630 1119 692 aut
1142 609 1315 717 rejicere

371 717 492 822 velit,
507 739 577 798 aut
591 712 762 910 suffic&
777 717 938 802 habere.
955 721 1155 803 Itaetiam
1170 747 1317 834 quam.

261 831 264 836 ’
370 835 429 913 vis
449 851 606 912 certum
624 854 647 911 e
701 828 916 912 nonnullas
936 833 1102 914 Parrum
1121 831 1315 915 lucubra-

369 946 500 1026 tiones
521 941 820 1023 Haereticorum
842 941 993 1025 artibus
1018 951 1060 1028 &
1085 943 1188 1025 dolis
1214 972 1315 1027 cor-

355 1079 506 1170 ruptas
523 1049 653 1138 fuiffez
672 1081 756 1134 non
774 1052 904 1169 potest
919 1080 1058 1140 tamen
1074 1057 1171 1138 inde
1190 1055 1311 1140 colli.

367 1172 410 1282 gi
429 1191 600 1250 coeteras
619 1190 761 1247 omnes
787 1172 831 1249 in
857 1164 1115 1282 suspicionem
1131 1165 1217 1252 falfi
1234 1195 1309 1252 ve-

367 1283 455 1362 nire
475 1276 650 1383 debere,
676 1303 749 1359 aut
776 1283 1029 1362 imminutam
1059 1276 1136 1363 effe
1155 1281 1311 1364 Tradi.

368 1395 489 1489 tionis
507 1395 799 1474 aulioritatem.
818 1393 868 1475 Et
888 1392 985 1488 vero
1005 1390 1197 1474 adversus
1214 1397 1245 1475 F
1248 1394 1308 1476 al-

367 1501 559 1588 sariorum
571 1527 675 1585 artes
687 1506 803 1584 variis
814 1503 946 1586 modis
958 1503 1182 1588 doctrinam
1196 1502 1310 1588 suam

369 1615 544 1700 Ecclesia
567 1613 784 1698 Catholica
808 1619 1009 1720 munivit,
1035 1642 1081 1700 ut
1104 1615 1307 1730 sequenti-

367 1727 440 1836 bus
458 1731 500 1810 in
518 1727 713 1844 capitibus
739 1723 868 1812 sumus
883 1728 1110 1844 exposituri.

654 2089 870 2174 Cnnur
929 2087 1013 2173 1v.

365 2297 544 2384 Pluribus
557 2307 717 2380 Parrum
735 2297 914 2403 operibus,
928 2325 1011 2407 qaae
1026 2297 1075 2378 ab
1094 2306 1152 2382 H
1152 2307 1300 2378 aretina

474 2420 620 2558 vitiata
632 2407 740 2544 ffi‘ffi
760 2407 966 2513 constabat,
983 2409 1101 2515 fidem
1124 2409 1189 2520 effe

719 2519 945 2638 abrogatam.

494 2748 709 2862 Umquam
727 2746 900 2832 Ecclefia
918 2746 1137 2832 Catholica
1151 2772 1309 2860 magno

363 2743 648 3060 Qsemper
660 2865 702 2943 in
715 2859 873 2945 honore
883 2857 1026 2943 habuit
1040 2859 1207 2945 sinceras
1219 2863 1307 2942 Or.

362 3002 380 3060 t

278 2983 282 2990 '
382 2976 437 3058 ho
470 3002 642 3058 oxorum
670 2973 837 3058 Patrum
861 2972 1181 3058 lucubrationes:
1199 2999 1307 3088 quas

359 3113 499 3173 tamen
514 3089 713 3200 comperit
729 3084 781 3166 ab
806 3089 1018 3172 Haereticir
1036 3085 1307 3200 interpolatas

266 3265 271 3275 .
359 3199 470 3285 fuille
485 3207 526 3282 δι
541 3197 1005 3314 depravatas,abrogati
1019 3201 1064 3281 iis
1076 3196 1156 3286 fide
1168 3197 1322 3306 canit,¹

359 3340 411 3399 ne
427 3309 600 3396 mentito
617 3309 825 3396 illustrium
843 3317 1022 3396 virorum
1042 3315 1208 3394 nomine
1224 3310 1304 3394 de-

359 3431 465 3542 cepti
481 3422 635 3508 Fideles
648 3427 691 3506 in
705 3450 885 3509 errorem
903 3424 1213 3507 abducerentur.
1224 3425 1305 3508 At-
1324 3427 1338 3458 ⁶

359 3567 438 3651 que
455 3543 512 3624 ita
531 3536 679 3620 facium
700 3535 780 3642 est,
799 3561 845 3620 ut
863 3536 969 3621 fraus
994 3537 1301 3623 Haereticorum

357 3652 460 3734 nihil
488 3674 655 3735 noceret
676 3649 879 3755 Ecclesrae,
896 3658 936 3734 &
964 3647 1030 3734 sua
1058 3648 1298 3734 Traditioni

357 3767 569 3850 austeritas
598 3761 713 3847 firma
739 3787 1005 3880 permaneret.
1031 3767 1194 3882 Qippe
1222 3759 1296 3846 ubi
