2908 4544
208 355 217 376 .
328 303 403 402 508
541 306 606 383 De
616 299 795 380 veteribus
814 293 1026 384 Haereticis'

187 1493 190 1498 .
323 1417 526 1528 antiquior
536 1415 919 1503 Gothescalcoliber

332 404 392 487 bri
415 405 641 491 Hincmaro
671 437 903 526 opponere,
927 436 1050 523 atque
1073 408 1148 492 isto
1173 435 1258 490 uno

331 518 455 601 verbo
476 525 612 603 omnia
632 521 714 632 ejus
734 545 970 638 argumenta
985 521 1146 604 diluere.
1165 519 1255 604 Esto

330 635 436 712 enim
454 665 464 713 ε
482 634 786 744 quatuordecim
806 643 848 720 δι
869 635 1037 750 amplius
1055 633 1258 715 authenti-

330 743 674 857 ci&antiquiffimi
684 745 844 830 codices
854 745 1102 849 sententiam,
1114 743 1166 825 de
1176 769 1258 856 qua

331 856 821 964 controvertebatur,non
837 857 1072 942 habuerint:
1085 855 1111 942 sr
1128 853 1259 937 modd

331 962 442 1050 illam
462 967 526 1052 vel
547 997 645 1052 unus
668 975 853 1085 antiquus
871 970 1001 1054 codex
1020 963 1255 1051 exhibuisset

329 1073 424 1159 loco
436 1078 529 1161 sano
539 1088 579 1166 δι
591 1084 773 1196 integro,
786 1084 901 1166 causa
917 1082 1117 1166 ceciderat
1127 1083 1256 1162 Hinc-

236 1279 242 1286 ,
329 1215 486 1296 marus;
507 1217 582 1275 nec
599 1216 760 1307 poterat
777 1194 971 1279 sententia
995 1194 1076 1276 dici
1094 1191 1258 1286 induda

270 1382 279 1386 -
327 1301 586 1386 Gothescalci
595 1329 664 1387 aut
674 1304 902 1390 asseclarum
912 1309 995 1390 e'us
1005 1304 1257 1415 dolo,qudm

928 1337 1264 1502 labrinacum«

323 1548 421 1637 ergo
438 1594 450 1631 ,
467 1527 629 1612 laudati
650 1527 741 1611 libri
756 1534 1021 1643 antiquitate,
1038 1531 1253 1612 Hincmari

322 1634 582 1724 Adversarius
595 1669 640 1722 os
657 1640 727 1756 ipfi
742 1641 956 1726 occludere
974 1641 1095 1725 facile
1110 1634 1253 1754 potuis-

323 1744 407 1852 set,
426 1781 496 1834 cur
516 1779 600 1836 non
618 1750 740 1837 fecit?
758 1755 844 1837 Cur
865 1753 1006 1837 omissa
1026 1755 1182 1868 penitus
1205 1750 1254 1833 li.

326 1857 410 1965 bri,
429 1869 499 1976 qui
518 1862 801 1972 accusabatur,
822 1865 1077 1968 defensione,
1095 1865 1149 1946 ad
1176 1861 1254 1947 alia

251 2021 258 2032 =·
326 1970 512 2082 divertit,
532 1975 717 2171 totusssue
739 1978 795 2061 est
820 1984 862 2062 in
887 1975 1122 2094 colligendis
1147 1974 1253 2060 testi-

325 2090 469 2168 moniis
492 2089 546 2170 ad
563 2117 640 2174 con
661 2089 853 2173 utandam
880 2093 1095 2174 Hincmari
1122 2089 1168 2169 da
1189 2119 1260 2172 nm

325 2211 425 2278 trina
442 2211 601 2284 Deitate
617 2205 872 2312 opinionem?
890 2199 980 2312 Qui'
992 2201 1042 2283 fic
1068 2195 1106 2281 se
1122 2204 1256 2311 gerit,

326 2333 463 2391 nonne
487 2308 642 2391 silentio
666 2308 734 2390 suo
770 2311 912 2423 aperte
939 2309 1183 2414 confitetur,
1209 2308 1257 2392 li-

290 2439 292 2446 ¹
325 2414 443 2502 brum
464 2411 572 2504 fuisse
597 2443 802 2506 recentem
822 2426 864 2508 δι
883 2421 1010 2539 reipsal
1028 2424 1256 2506 conuictum

327 2527 437 2616 falsi?

265 2737 271 2742 ,
383 2645 441 2728 At
456 2641 484 2728 fi
500 2643 602 2733 liber
618 2675 702 2730 non
726 2646 802 2733 suit
821 2651 1029 2760 antiquus,
1048 2645 1116 2730 sed
1136 2645 1254 2762 scrip-

328 2781 391 2840 tus
402 2757 562 2867 rectus,
573 2789 644 2844 cur
659 2765 782 2845 etiam
800 2765 1027 2846 Hincmaro
1041 2786 1127 2842 rem
1146 2759 1258 2842 illam

275 2940 279 2945 .
330 2893 414 2951 tam
428 2869 516 2954 fust
529 2873 784 2987 prosequenti
798 2872 909 2955 nulla
924 2871 1162 2955 exciderunt
1175 2897 1261 2955 ver-

332 2981 407 3086 ba,
457 2982 569 3066 uibus
594 2984 791 3068 indicaret
811 2985 959 3068 librum
983 2983 1124 3068 redens
1140 2980 1260 3100 scrip-

333 3116 419 3177 tum
486 3099 494 3113 '
524 3123 546 3180 e
567 3122 579 3180 e
598 3100 759 3183 Nudum
775 3101 881 3180 enim
903 3110 942 3182 in
960 3120 1039 3178 tota
1055 3098 1152 3177 illius
1174 3127 1261 3180 nar-

233 3243 241 3258 ·
333 3221 487 3292 ratione.
502 3277 510 3291 .
524 3279 530 3292 .
545 3215 733 3323 vejsigt'um
750 3213 822 3316 est,
840 3240 911 3322 quo
926 3239 1007 3290 eam
1022 3237 1142 3289 vocem
1162 3214 1185 3313 (
1191 3236 1264 3292 nu-

338 3347 448 3406 cures
455 3329 478 3428 )
488 3322 709 3437 fhbimedligi
722 3321 1083 3422 debereconjetlmus.
1095 3323 1192 3403 Hoc
1203 3323 1265 3435 ip·

336 3431 419 3514 sum
440 3431 522 3539 est,
542 3433 655 3548 quod
668 3451 683 3488 ²
696 3435 869 3518 affirmat
888 3431 1137 3537 Custantius,
1152 3433 1266 3628 (le

337 3545 511 3662 superids
530 3547 787 3662 promiseram
805 3543 873 3632 suo
893 3546 998 3632 ime
1010 3544 1103 3630 loco
1121 3543 1165 3628 di
1181 3547 1266 3660 qui-

357 3693 369 3723 ·
384 3687 456 3755 lbid.
468 3707 534 3771 pag.
546 3701 600 3758 ¹5¹·
