3012 4574
241 404 247 431 s
335 303 1029 428 Ecclefiastic.Codicum,Couuptoribus.
1088 339 1157 428 273

279 427 470 541 Denique
484 433 526 510 in
543 425 697 541 Epheso
710 426 806 508 cum
824 437 889 510 rne'
905 427 1058 512 vidiffet'
1077 439 1160 544 qui.
1184 463 1213 508 ιι

228 527 322 621 dam
335 543 583 645 HaereticuS,
603 539 848 653 &congredi
867 536 1072 643 noluisset,
1088 570 1156 626 ne.
1171 570 1225 617 tu-

223 677 305 840 ?ue
323 658 490 736 omnino
516 648 691 734 ossuum
713 645 922 766 aperuiffet
943 651 1050 764 apud
1070 683 1210 761 me,=n

240 761 291 844 ed
312 765 443 846 nescio
467 791 548 877 qut
565 791 616 846 ex
636 761 752 846 causa
767 765 811 844 id
825 761 960 848 fecere
977 762 1158 850 vitaffet:
1184 801 1210 844 ιι

223 871 360 986 postea
381 903 431 959 ex
451 881 615 959 nomine
640 902 733 957 meo
753 867 881 957 &suo
908 876 1060 958 conseri
1092 879 1159 983 stt,
1184 913 1211 952 ιι

226 987 385 1096 qualem
412 987 542 1071 voluit
559 983 891 1102 disputationem,
918 994 960 1070 &
982 992 1087 1073 mitt
1106 990 1160 1072 ad
1184 1026 1212 1067 ιι

224 1083 437 1214 discipulos
456 1099 568 1204 suos,
591 1123 638 1182 ut
664 1126 743 1214 ego
767 1100 932 1212 quidem
960 1104 1159 1215 cognovi,
1185 1137 1213 1181 ιι

223 1210 277 1293 ad
294 1238 364 1294 eos
390 1216 459 1326 qui
482 1215 627 1296 Romae
646 1235 762 1295 erant
783 1247 791 1294 ι
813 1195 881 1294 sed
903 1240 988 1295 non
1015 1213 1158 1298 dubito
1185 1253 1212 1291 ιι

223 1328 321 1442 quin
340 1331 381 1406 δι
399 1323 453 1404 ad
471 1323 593 1427 alios,
612 1321 681 1438 qui
724 1351 768 1408 er
789 1324 942 1408 diverso
960 1322 1060 1410 sunt.
1091 1331 1157 1411 In.
1185 1359 1212 1402 ιι

221 1431 396 1517 uitabat
408 1457 543 1519 autem
559 1443 600 1521 &
611 1353 721 1552 apug
735 1437 1018 1543 Antiochiam,
1039 1439 1160 1554 prius.
1185 1473 1212 1515 ιι

223 1572 346 1657 quarn
365 1573 443 1662 ego
467 1548 564 1633 illuc
584 1559 784 1635 ventrem:
810 1555 928 1634 itaut
946 1551 1001 1632 ad
1051 1580 1159 1634 uam-
1185 1585 1211 1628 υ

220 1655 413 1768 plurimos
431 1660 658 1745 nostrorum
679 1668 910 1777 perveniret
928 1579 1158 1854 ifisaaispu.
1184 1701 1211 1740 ιι

222 1775 324 1853 tatio
345 1801 467 1887 quarn
482 1799 705 1889 paraverat.
730 1773 808 1856 Sed
823 1772 893 1854 ubi
915 1801 938 1853 a
972 1775 1034 1878 ui,
1054 1775 1156 1858 mul.
1185 1813 1211 1852 ιι

220 1884 270 1962 tis
292 1910 384 1968 eum
412 1885 668 2000 praesentibus
697 1887 822 1997 argui.
863 1875 1051 1997 Cumque
1076 1889 1157 1998 jam
1184 1924 1210 1964 ιι

220 1991 302 2077 fine
326 1996 410 2078 ullo
433 1998 589 2110 pudore
611 1996 872 2112 pertenderet
901 1989 1209 2110 impudenter«

217 2105 384 2190 afferent
401 2101 643 2214 solitatem,
661 2107 827 2301 P⁰f⁰s⁶i
842 2106 1004 2192 utlibet
1023 2101 1154 2196 defer.
1182 2150 1208 2192 ιι

216 2241 328 2304 retur
344 2225 387 2301 in
410 2221 617 2307 medium:
639 2244 685 2303 ut
727 2220 833 2306 celus
851 2249 986 2305 meum
1012 2226 1154 2338 agnos.
1181 2263 1207 2303 ιι

215 2357 376 2416 ceretur
393 2331 417 2414 i
435 2333 652 2438 fratribus,
683 2338 753 2447 qui
774 2339 913 2448 utique
937 2363 987 2417 co
1018 2335 1153 2422 nosce·
1180 2377 1207 2418 ιι

214 2468 406 2558 rentquae
423 2445 531 2529 soleo
546 2447 766 2561 disputare,
778 2448 841 2545 vel
854 2363 1080 2559 qualiscgtleo
1096 2457 1154 2534 uti
1179 2487 1205 2528 ιι

215 2557 407 2642 doctrina.
435 2563 600 2671 Quique
620 2558 714 2640 cum
733 2557 843 2640 ausus
855 2587 938 2640 non
953 2551 1049 2642 effet
1063 2591 1153 2676 pro.
1177 2597 1206 2640 ιι

214 2661 320 2752 ferre
336 2670 507 2774 librum,
527 2673 729 2752 convietus
743 2669 795 2751 ab
808 2672 1044 2757 omnibus&
1058 2703 1153 2757 con.
1177 2712 1203 2753 ιι

213 2779 366 2864 futatus
387 2781 444 2864 est
471 2781 676 2865 falfitatist
706 2790 746 2867 &
766 2786 823 2865 ita
848 2779 1071 2896 persuasum
1095 2787 1151 2870 est
1176 2823 1202 2863 ιι

214 2892 425 2998 fratribus,
452 2920 504 2978 ne
523 2913 660 2979 aurem
682 2895 1026 2980 criminationibus
1048 2925 1148 3012 prae.
1174 2935 1200 2977 ιι

214 2999 368 3092 berent.
734 3021 738 3082 ¹.
1174 3049 1199 3088 tt

270 3123 411 3234 Siquis
433 3146 533 3236 ergo
555 3115 643 3204 vult
665 3121 830 3207 credere
851 3123 952 3206 mihi
973 3124 1015 3205 in
1035 3124 1146 3206 cons.
1172 3162 1198 3200 ιι

240 3233 326 3316 eeu
347 3236 430 3320 Dei
449 3235 658 3348 loquenti:
687 3240 810 3319 etiam
842 3235 894 3320 de
913 3236 974 3317 his
999 3257 1086 3348 quae
1105 3244 1147 3320 in
1171 3275 1197 3313 ιι

210 3259 385 3459 Epistola
400 3375 491 3431 mea
505 3345 675 3430 conficta
694 3345 782 3430 sunt
808 3356 849 3432 &
868 3346 1037 3454 inserta,
1060 3377 1142 3434 cre·
1170 3389 1195 3426 ιι
1225 3345 1228 3354 ’

158 3457 161 3464 ’
210 3457 295 3542 dat.
315 3458 381 3542 Sin
393 3471 528 3544 autem
540 3465 626 3574 quis
637 3487 722 3542 non
737 3461 887 3566 credit,
907 3458 975 3544 sed
995 3461 1083 3545 vult
1093 3459 1144 3547 de
1168 3498 1193 3538 ιι

209 3598 275 3653 rne
294 3567 401 3654 male
425 3572 561 3685 loqui,
580 3573 680 3664 mihi
698 3571 863 3686 quidem
884 3571 986 3656 nihil
1007 3574 1143 3658 damni
1166 3613 1191 3650 ιι

207 3683 389 3775 confert:
415 3689 495 3769 erit
511 3711 647 3771 autem
669 3682 750 3801 ipse
770 3685 893 3770 fastus
911 3683 1018 3768 testis
1036 3688 1144 3804 apud
1167 3725 1193 3764 ιι
