3020 4564
348 361 586 478 ecclesiastic.
603 364 772 448 Codicum
784 367 1065 468 corruptoribus.
1110 373 1176 474 163

237 499 330 558 ‘mus
356 476 511 571 nullum
543 474 618 560 elle
646 476 807 557 errandi
834 477 1080 590 periculum,
1110 481 1180 563 ubi

238 588 386 672 ducem
413 587 613 702 sequimur
640 587 891 672 Ecclefiamr
926 587 1179 674 ostendemus

242 699 421 784 Ecclesrae
449 699 547 805 elle,
572 699 686 784 certd
715 699 887 781 statuere
910 727 958 779 ac
987 701 1178 810 definire,

80 827 89 842 ¹
180 869 181 872 κ
232 812 432 926 quasnam
454 812 508 896 ab
529 812 732 928 Apostolis
756 815 984 926 acceperit,
1012 813 1076 895 vel
1095 843 1180 898 non

240 951 336 1008 acce
366 933 443 1008 erit
464 930 695 1040 Scripturas.
727 925 829 1006 Haec
845 925 983 1038 regula
998 925 1079 1028 est,
1101 927 1180 1040 qui

239 1038 321 1150 inje
359 1066 426 1121 am
452 1037 660 1151 iperditis
685 1032 914 1118 hominibus
929 1036 994 1120 'de
1020 1039 1179 1120 divino-

239 1179 330 1234 rum
353 1151 571 1234 Librorum
591 1151 760 1231 veritate
783 1147 1042 1235 malesanam
1062 1149 1180 1266 suspi-

238 1270 399 1345 cionem
416 1291 467 1344 ex
485 1265 625 1342 animis
644 1265 810 1342 omnino
830 1261 1058 1345 evellamus.

298 1377 480 1458 Eandem
493 1374 673 1488 regulam
691 1373 827 1478 secuti,
840 1371 1080 1458 affirmamus
1100 1373 1183 1461 fine
1267 1403 1270 1410 ⁴

131 1565 137 1574 ,
234 1485 327 1566 ullo
348 1485 510 1582 errandi
538 1509 673 1591 meru,
701 1485 824 1568 libros
843 1487 956 1594 illos,
985 1493 1053 1602 qui
1085 1489 1184 1572 veris

244 1597 370 1680 divini
389 1599 501 1703 sunt,
520 1627 594 1682 nec
616 1604 777 1682 vitiatos
802 1595 901 1701 else,
920 1624 995 1680 nec
1016 1628 1183 1715 corrup-

236 1711 317 1792 tos.
342 1715 448 1794 Non
460 1708 683 1796 inficiamur
699 1710 828 1791 multa
844 1710 942 1790 olim
959 1735 1042 1790 tam
1058 1715 1203 1816 Euan..

240 1822 335 2015 pelli
354 1821 571 1907 secundum
587 1827 761 1924 Lucam,
782 1821 903 1934 quarn
918 1819 1183 1932 Epistolarum

235 1977 242 1986 ·
277 1935 360 2015 auli
370 1933 648 2048 exemplaria&
663 1935 876 2014 Marcione
896 1955 1083 2015 truncata
1094 1932 1183 2018 fuis-

236 2044 279 2128 se
295 2054 336 2128 δι
352 2043 502 2129 falsata.
530 2049 720 2128 Fatemur
734 2044 1001 2127 Theodotum
1022 2055 1062 2128 δι
1081 2075 1180 2162 pra.
1212 2143 1217 2154 ⁸

239 2162 378 2272 cipuos
397 2160 480 2264 ejus
501 2154 661 2241 asseclas
687 2153 795 2238 fuisse
823 2160 1032 2264 Sacrorum
1050 2153 1180 2270 litte.

234 2292 373 2352 rarum
394 2267 610 2352 falsatores.
648 2269 705 2352 At
736 2267 1033 2352 Hareticorum
1060 2263 1181 2386 persi-

240 2383 350 2464 diam
367 2381 547 2466 Ecclefiae
566 2381 859 2496 exemplaribus
872 2377 973 2463 nihil
986 2383 1180 2490 nocuisse,
1247 2447 1249 2452 -

234 2481 428 2610 'e‘x'ipsrus
449 2492 629 2580 Ecclefiae
652 2497 710 2575 ira
738 2493 990 2576 decernentis
1010 2499 1182 2580 andorr-

181 2652 190 2668 ·
239 2609 324 2691 ta'te
348 2612 577 2690 evincimus.
609 2609 678 2691 Ne
710 2633 760 2686 uc
792 2610 901 2687 enim
931 2633 997 2688 ma
1028 2612 1057 2688 is
1085 2610 1179 2714 illa,

232 2728 331 2802 'curn
346 2717 515 2802 sinceros
530 2719 654 2800 libros
665 2635 717 2798 al>
735 2716 971 2802 adulteratis
990 2634 1180 2826 secernit,

235 2829 327 2914 salli
344 2831 496 2946 potest,
519 2831 641 2945 quim
665 2848 757 2912 curn
778 2857 893 2914 veros
912 2831 935 2912 al
957 2829 1094 2948 spuriis
1117 2828 1180 2916 ds.

281 2946 402 3027 dicat.

234 2968 487 3143 Ju'sirrleant
500 3066 598 3170 drgo
611 3055 723 3139 libris
740 3051 814 3136 fids
826 3054 1087 3150 Heterodoxi
1103 3051 1179 3135 ho‘.
1206 3155 1210 3164 ι

238 3173 364 3255 mines
381 3207 390 3254 ε
411 3179 453 3254 δι
475 3171 528 3253 de
547 3165 826 3283 magistrorum
846 3163 1006 3250 suorum
1026 3163 1182 3246 fin'ceri.

111 3299 115 3308 ·
238 3291 326 3365 t'ate
344 3283 492 3368 aclide
508 3282 719 3387 dubitent,
744 3283 925 3394 quicum
947 3277 1049 3363 nihil
1072 3282 1177 3360 anti-

240 3399 354 3507 quius
383 3397 583 3498 habeant,
610 3395 730 3508 quim
758 3419 803 3476 ut
829 3391 940 3476 illam
966 3397 1177 3475 Sacrorum

197 3559 199 3564 ·
240 3503 457 3602 Librorum
475 3508 699 3592 editionem
709 3515 871 3617 ,'‘q‘uanr
888 3505 986 3620 legit
1007 3503 1178 3588 Ecclesia

144 3705 147 3712 ,
210 3648 213 3655 ·
241 3620 480 3726 catholica,
498 3626 540 3702 in
558 3639 839 3734 corrtemptum
856 3617 1084 3722 adducant.
1108 3645 1180 3698 no·
1268 3605 1280 3716 l

239 3762 307 3817 vas
331 3733 404 3850 ipsr
422 3735 464 3816 iu
482 3734 564 3818 dies
589 3735 810 3838 editiones,
840 3732 935 3814 dum
962 3733 1178 3814 emendare

954 3847 1031 3953 Lij
