2956 4558
341 283 400 386 45
407 279 426 356 8
582 275 647 360 Dr
659 265 838 382 veteribus
853 277 909 360 H
909 287 1060 384 creticis

278 490 281 498 1
338 387 564 470 distinctum
584 379 658 469 elle
673 390 715 468 in
736 387 896 470 Christo
920 387 1088 494 Filium,
1108 413 1269 473 natura-

336 497 418 582 lem
443 499 565 582 alium
581 566 593 603 ,
612 499 734 581 aliurn
756 499 1004 614 adoptivum

394 615 517 694 Hanc
528 613 675 725 perjuri
688 610 971 694 Haeresrarchae
983 613 1167 697 fraudem
1179 609 1267 693 Do:

335 728 462 806 atores
484 722 687 805 Catholici
717 723 850 806 statim
876 727 1269 830 animadverterunt,

333 864 417 950 prae
456 840 605 942 cacteris
646 860 782 918 autem
821 835 1046 921 confutavit
1081 837 1267 920 Paulinus

336 947 625 1060 Aquileiensrs,
646 951 689 1029 in
703 945 838 1056 libris,
859 978 960 1062 quos
976 949 1150 1034 Alcuino
1170 947 1269 1030 hor.

336 1083 449 1142 tante
472 1083 616 1142 contra
639 1059 814 1167 Felicem
842 1061 1083 1175 compositos
1110 1061 1266 1170 edidit,

336 1169 450 1254 certa
468 1195 562 1254 ante
582 1171 810 1254 Concilium
834 1170 1167 1290 Aquisgranense,
1183 1201 1265 1284 quo

235 1279 240 1290 ‘
335 1309 470 1366 autem
486 1297 594 1365 anno
611 1282 771 1367 difficile
787 1283 843 1367 est
855 1280 1032 1376 definire.
1043 1287 1142 1370 Duo
1158 1290 1266 1367 enim

334 1419 477 1478 extant
500 1395 657 1478 Paulini
674 1395 935 1508 Aquileiensis
953 1394 1099 1513 scripta
1121 1399 1263 1479 adver-

335 1506 1034 1623 aiasFelicem:nemplrlibellut,qui
1045 1509 1145 1594 nihil
1156 1507 1267 1591 aliud

313 1624 530 1720 continet,
543 1619 1110 1735 quamorationemaPaulino
1124 1645 1268 1705 contra

334 1731 473 1819 Feficis
501 1756 623 1846 atque
648 1731 833 1847 Elipandi
853 1759 1032 1816 errorem
1057 1731 1266 1837 habitam,

312 1861 315 1867 ’
335 1844 399 1926 vel
417 1848 460 1925 in
477 1843 664 1935 Concilio
676 1843 1026 1942 Francosordienfi
1043 1914 1055 1951 ,
1073 1871 1119 1929 ut
1142 1845 1266 1959 vulgrl

334 1956 539 2061 creditur,
562 1955 625 2038 vel
652 1959 698 2039 ut
723 1981 800 2072 ego
824 1955 994 2065 censeo,
1017 1963 1060 2042 in
1078 1959 1265 2042 Concilio

335 2065 638 2180 Ratisponensr3
660 2067 852 2181 liquidem
871 2075 913 2152 in
936 2071 1053 2185 hujus
1073 2075 1266 2154 orationis

332 2179 1267 2296 line'l'aulinusmanifestcsignificat,cl1mhaec

332 2290 544 2396 scriberet,
561 2293 742 2402 nondum
759 2291 883 2374 latam
897 2291 1006 2378 suille
1021 2292 1268 2377 abAdriano

306 2405 309 2419 ’
333 2399 486 2487 summo
508 2403 703 2487 Pontifice
724 2403 963 2490 sententiam
978 2403 1169 2490 adversus
1192 2411 1267 2490 Fe·
1290 2439 1301 2464 r

332 2514 475 2600 licem:
497 2514 579 2598 lata
601 2540 735 2598 autem
752 2515 822 2598 illa
840 2515 895 2601 est
914 2518 1035 2634 paulo
1051 2517 1137 2634 post
1152 2522 1265 2602 Con-

88 2681 93 2694 ·
208 2681 219 2704 1
332 2629 465 2712 cilium
479 2624 917 2744 Ratisponense,atque
929 2656 1024 2716 ante
1037 2624 1270 2718 Concilium

331 2739 696 2826 Francofordiense.
719 2741 904 2825 Alterum
926 2753 965 2828 &
985 2743 1115 2828 multo
1141 2744 1268 2859 proli-

333 2857 418 2936 xius
445 2854 599 2938 Paulini
628 2880 727 2967 opus
754 2880 896 2942 contra
917 2855 1091 2941 Felicem
1110 2856 1268 2943 constat

333 2963 443 3048 libris
468 2964 617 3069 tribus,
638 2993 739 3077 quos
759 2967 912 3050 Car-'olo
938 2973 1069 3084 Regi,
1090 2971 1267 3054 necdum

333 3079 596 3192 Imperatori,
611 3075 779 3182 obtulit,
793 3077 953 3170 sortasse
963 3106 1180 3194 antequam
1195 3083 1267 3166 Al.

333 3196 471 3276 cuinus
491 3187 691 3305 scripsisset
720 3191 910 3274 adversus
932 3193 1130 3280 Felicem3
1152 3197 1266 3280 certe

333 3301 559 3418 priusquam
580 3301 689 3386 Felix
705 3302 882 3386 haeresrm
902 3304 1009 3387 suam
1029 3306 1162 3419 palam
1180 3311 1265 3416 eju·

332 3415 450 3499 rasset
463 3419 505 3496 in
522 3409 707 3499 Concilio
718 3413 1043 3532 Aquisgranensr:
1090 3420 1203 3503 uibus
1220 3425 1262 3504 in

332 3525 443 3610 libris
463 3528 622 3614 videtur
640 3529 828 3612 Paulinus
846 3449 1264 3648 confutarelcnptum

332 3641 446 3754 quod
462 3641 572 3728 Felix
592 3641 853 3758 vulgaverat,
875 3644 970 3728 clun
995 3646 1171 3760 primum
1198 3673 1261 3730 er.
