3020 4564
14 284 22 338 '
229 380 231 398 .
306 309 532 422 Ecclesiastic.
548 308 719 394 Codicum
732 310 1016 417 Compioribue.
1074 337 1136 420 139

118 495 120 506 .
203 425 405 537 picionem
424 419 510 506 falsi
526 426 663 506 venire
679 421 843 506 debent.
873 421 988 536 Qud
996 426 1140 538 igitur,
1161 439 1188 478 ‘⁸

204 559 278 648 per
306 533 475 639 emilii,
500 533 665 618 istorum
685 535 809 620 fidem
828 533 945 618 nobis
962 535 1042 643 jam
1064 534 1138 619 ob·
1162 549 1190 593 ‘⁴

205 563 387 753 truditis,
411 673 535 762 quam
557 645 756 764 supebiam
771 645 847 745 effe
864 645 999 732 vestris
1021 651 1142 730 armis
1162 661 1189 704 ³·

205 757 475 844 ostendimus?
993 819 996 826 ·
1163 774 1191 820 ί·

260 875 325 956 Ita
344 872 403 956 ilii
416 869 686 975 insultabunt,
711 895 886 983 quorum
905 891 1145 984 argumenta

204 981 364 1104 poffunt
385 984 552 1099 quidem
578 1007 871 1089 contemnere,
929 987 1146 1096 uirumque

203 1121 358 1210 negant
371 1096 574 1213 perversas
589 1099 888 1182 Haereticorum
900 1012 1066 1179 iraudes
1085 1090 1146 1175 of-

203 1207 324 1292 ficere
342 1209 511 1323 potuiiie
535 1207 749 1292 certiffimae
770 1213 981 1292 Sacrorum
1003 1206 1146 1292 Libro·

195 1349 296 1430 ,rum
315 1325 551 1434 integritati.
572 1324 631 1406 At
645 1325 713 1436 qui
725 1321 835 1405 aliud
847 1319 965 1406 sentit
981 1319 1149 1406 eustan-

204 1435 307 1535 tius‚
329 1431 607 1544 impudentem
623 1437 841 1551 impiorum
856 1432 1070 1552 hominum
1089 1431 1149 1516 lo·
1200 1495 1205 1502 .

206 1549 452 1736 §luacitatem
480 1547 723 1662 redarguere
752 1575 838 1630 non
862 1549 1045 1660 poterit,
1073 1541 1150 1626 nisr

226 1681 278 1738 ua
295 1653 376 1770 ipse
396 1657 500 1742 drea
519 1661 702 1744 emolliat
717 1667 760 1744 &
775 1657 978 1746 emendet.
1007 1658 1149 1768 Quare

207 1793 293 1850 non
309 1767 476 1884 despero
492 1769 582 1856 fore
598 1796 645 1854 ut
662 1771 750 1885 plus
773 1767 883 1883 apud
902 1771 1032 1850 virum
1054 1765 1149 1848 reli·

206 1875 361 1991 giosum
384 1883 519 1966 valeat
543 1909 660 1966 amor
678 1883 882 1983 veritatis,
911 1878 1033 1991 quim
1052 1904 1148 1994 pro-

206 1993 303 2104 priae
323 1996 522 2106 opinionis
539 1991 805 2079 defendendae
823 1989 1008 2076 studium.
1073 2071 1078 2084 ,

263 2105 423 2188 interea
434 2110 627 2220 temporis
636 2105 733 2188 dum
749 2104 794 2187 id
804 2101 1043 2220 praeffitent,
1054 2105 1149 2218 quia

206 2212 329 2300 causae
345 2217 570 2304 neceffitate
587 2213 834 2334 compulsus,
853 2217 1151 2323 eorumlHaere-

206 2330 381 2411 ticorum
405 2332 643 2417 memoriam
660 2334 872 2434 revocavi,
900 2333 971 2444 qui
988 2327 1146 2414 adulte-

207 2467 270 2524 ras
283 2469 424 2526 manus
435 2447 479 2526 in
494 2442 639 2529 Libros
651 2446 791 2532 sacros
800 2441 1049 2546 intulerunt,
1067 2444 1155 2540 mei

206 2557 381 2636 muneris
397 2552 472 2640 effe
486 2579 610 2670 puto,
630 2555 815 2668 quaedam
829 2553 901 2638 hic
916 2553 1149 2670 adjungere,

209 2663 352 2777 quibus
385 2665 683 2752 demonstretur
707 2665 829 2779 quim
854 2663 980 2771 falsi),
1010 2691 1149 2778 qnam·

209 2803 290 2889 que
309 2777 466 2860 temere
488 2779 571 2862 ulla
587 2779 683 2864 inde
706 2783 748 2862 in
768 2783 981 2866 Sacrorum
1003 2775 1148 2864 Libro-

202 2917 300 2974 rum
320 2888 502 2996 codices,
529 2921 630 3006 quos
651 2890 751 3008 legit
773 2891 948 2978 Ecclefia
965 2888 1149 2974 Catholi-

211 3027 286 3104 ca,
313 2998 400 3086 falfi
422 3000 587 3119 suspicio
611 3005 892 3090 derivaretur:
917 3026 1040 3116 atque
1066 3002 1149 3086 hoc

211 3117 288 3196 erit
305 3115 421 3228 hujus¹
434 3114 615 3202 secundae
634 3119 765 3203 Partis
783 3139 1077 3235 argumentum

621 3353 837 3484 Q.

537 3492 712 3667 „v

206 1755 212 1767 1
