2908 4544
244 307 469 503 Eulffic'
486 310 653 393 Codicum
665 309 940 416 corruptoribus.
998 343 1075 423 493

148 417 228 504 fiffe
251 449 329 535 prae
364 421 596 503 antiffimum
627 423 803 504 Ecclefiae
830 423 966 505 lumen
990 427 1075 508 san.

150 539 256 614 tium
268 533 527 646 Augustinum
539 601 550 638 ,
562 533 708 614 librum
728 533 1079 642 adulteraverunt,

153 673 273 757 quem
295 672 390 726 tunt
407 651 598 758 temporis
617 665 755 728 omnes
778 641 853 728 effe
874 647 938 728 Au
966 647 1081 740 ustini

91 811 92 814 κ
150 755 458 841 arbitrabantur.
484 763 620 871 Qram
660 756 834 870 ipsorum
871 675 1080 871 perzdiam

146 874 327 982 graviter
343 869 602 983 reprehendit
612 869 875 973 Hincmarus‚
890 879 929 954 δι
947 871 1081 984 palam

151 985 297 1063 retexit
316 1008 454 1063 coram
467 982 619 1065 Carolo
631 980 759 1063 Calvo
779 985 893 1096 Rege
912 987 956 1064 in
967 985 1078 1066 Con.

153 1091 244 1174 cilio
266 1091 528 1176 Sueffionensr.
562 1145 576 1178 .

149 1278 151 1283 s
210 1203 436 1288 Custantius
453 1201 545 1287 fatti
566 1203 756 1287 invidiam
778 1203 941 1321 infringi
961 1229 1082 1320 atque

153 1341 202 1398 ex
223 1340 338 1429 parte
357 1320 540 1398 imminui
587 1341 700 1420 urat,
720 1315 810 1399 stin
832 1317 902 1399 illa
919 1341 1082 1401 contro-

153 1429 277 1508 verfia
296 1429 338 1508 de
363 1455 429 1510 non
448 1430 545 1510 dicen
624 1443 722 1510 trina
741 1440 926 1528 Deitate,
947 1456 1084 1514 veram

153 1537 444 1622 Gothescalcus
463 1607 476 1644 ,
495 1538 631 1624 falsam
656 1543 901 1624 Hincmarus
927 1539 1085 1624 causam

153 1648 392 1734 defenderit.
413 1659 550 1844 (ῗιαῐε
565 1657 606 1734 in
621 1678 670 1734 eo
692 1651 1005 1735 demonstrando
1024 1659 1084 1734 in.

154 1767 276 1876 tegris
297 1769 445 1877 ²capiti
476 1793 520 1844 us
539 1763 734 1846 duobus&
782 1767 900 1878 agina
923 1771 1009 1870 169.
1033 1763 1087 1846 ad

153 1879 340 1988 paginam
356 1884 439 1982 189.
442 1873 670 2068 plurimtim
683 1873 733 1958 de
751 1872 871 1982 udat,
884 1873 1020 1960 labore
1034 1874 1087 1958 sa-

153 1985 208 2066 ne
232 1986 422 2070 inutili&
457 2013 744 2099 upervacaneo.
796 2077 800 2087 ἢ

208 2098 270 2226 Ae
290 2099 422 2212 prim&
438 2126 520 2180 non
538 2098 653 2226 aeqnt
672 2121 825 2182 certum
844 2098 922 2203 est,
941 2125 988 2182 ac
1003 2101 1085 2182 Cu-

152 2211 316 2293 stannus
330 2209 548 2314 existimat,
566 2215 745 2322 inlquam
759 2211 837 2292 hac
853 2215 896 2293 in
912 2212 1087 2294 otcasm.

152 2350 205 2406 ne
225 2321 379 2406 causam
405 2325 618 2406 Hincmari
635 2320 756 2406 fuiffe.
778 2327 881 2407 Non
897 2325 1087 2436 equidem

103 2464 104 2468 ¹
154 2436 298 2546 ignoro
317 2437 385 2518 usu
405 2463 511 2516 nunc
530 2460 737 2548 receptum
753 2431 827 2520 effi!
845 2441 894 2521 tin
915 2433 1087 2520 Ecclefiri

157 2545 394 2650 Catholica,
410 2574 456 2628 ut
472 2549 616 2630 Deitas
633 2547 789 2650 dicatur
804 2551 910 2629 trina
925 2557 963 2630 δι
983 2574 1085 2650 una,

156 2661 261 2739 trina
281 2656 498 2740 secundnm
527 2650 739 2768 personas,
763 2681 842 2736 una
867 2654 1086 2738 secundnm

155 2793 339 2851 naturam
361 2813 372 2874 3
397 2768 504 2849 unde
528 2764 700 2851 Ecclefia
722 2769 910 2850 Romana
936 2768 988 2849 ab
1013 2766 1084 2848 aii.

156 2905 259 2992 quot
285 2877 428 2962 saeculis
453 2883 496 2959 in
522 2876 622 2960 festo
644 2879 835 2992 Corporis
856 2878 1003 2964 Christi
1031 2880 1085 2962 ad

155 2996 378 3078 Matutinas
393 3017 530 3106 preces
545 2994 590 3075 H
620 3019 757 3074 mnum
773 2997 881 3074 canit
894 2997 1083 3107 Sacrirfir.

40 3189 43 3194 ,
155 3105 321 3208 lemnir'r,
341 3112 449 3211 cujus
466 3103 574 3186 claui
613 3131 637 3184 a
660 3102 711 3186 ab
735 3103 817 3186 hoc
845 3103 958 3212 versu
985 3111 1083 3188 inci-

157 3221 218 3333 pit
234 3285 245 3323 ,
264 3232 305 3302 T
304 3249 322 3296 e
343 3225 601 3302 trina-Deiras
624 3245 766 3325 unaque
790 3218 973 3329 poscimus.
993 3221 1083 3302 Scio

158 3333 279 3412 etiam
300 3327 457 3410 ufitatas
476 3325 584 3410 fuiffe
600 3332 771 3440 antiquis
789 3328 972 3414 Patribus
986 3330 1085 3414 fimi-

158 3441 214 3526 les
224 3440 348 3556 'plant
362 3440 584 3522 locutiones
596 3487 606 3540 3
618 3467 739 3552 atque
750 3444 792 3520 in
805 3438 978 3552 ipsorum
993 3467 1085 3555 ope-

158 3553 265 3652 ribns
288 3551 433 3638 ubitdt
452 3551 675 3636 sanniffima
696 3556 897 3636 Trinitate
925 3559 1084 3668 agitur,

156 3701 375 3780 .·Crp·18.&
393 3717 432 3769 ¹9·
