3020 4564
346 267 571 396 Ecclesiastic.
586 281 754 368 codicum
771 265 1049 386 compuribus.
1122 288 1170 370 81

233 387 474 506 'AEgyprios‚
495 391 757 508 Gentilesque
775 407 915 474 onmes
935 421 983 476 ac
1000 399 1168 509 impios,

237 508 330 614 quia
354 503 611 590 descendenti
630 507 682 588 ad
711 505 861 589 inferos
885 502 957 586 fibi
982 533 1167 590 occurre·

235 641 351 699 rant:
371 617 544 700 Abelum
572 619 693 721 vern,
721 615 972 706 Patria'rchas
1000 644 1047 698 ac
1068 621 1168 700 Pro·

234 726 398 838 phetas,
431 733 500 852 qui
523 728 755 845 Judaeorum
794 729 890 808 Deo
927 723 1167 833 serviiffene3

231 865 316 922 non
332 836 408 923 elle
434 841 599 924 lalutem
620 836 864 934 consecutos.
902 839 1060 921 Caetera
1086 842 1170 944 ejus

231 949 374 1034 deliria
390 941 511 1034 fufius
530 949 715 1066 prosequi
729 945 879 1033 ne‘ceffe
896 975 980 1054 uon
998 947 1065 1034 est⁴
1090 953 1170 1035 Vn

231 1063 324 1146 rum
344 1063 447 1145 istud
461 1064 514 1146 ad
534 1080 618 1144 rem
639 1059 815 1144 nostram
836 1068 1031 1175 pertinet,
1056 1063 1170 1176 quod

231 1172 300 1256 ille
323 1175 584 1287 Evangelium
612 1175 729 1255 Lucae
753 1181 794 1258 &
811 1174 1000 1287 Epistolas
1032 1177 1168 1282 Pauli,

234 1313 335 1396 quos
354 1282 457 1367 solos
477 1289 686 1396 Scriptura
706 1289 830 1368 Sacrae
854 1283 978 1367 libros
1005 1293 1168 1404 recipie-

235 1395 329 1496 bat,
349 1395 681 1508 impudentiffiml‘:
702 1397 947 1482 mutilaverit
965 1398 1168 1483 adultera-

238 1528 340 1586 verit
370 1531 430 1590 ue.

290 1535 505 1733 Acqprimn
529 1623 698 1706 Irenaeus
718 1621 769 1704 de
794 1615 1006 1704 Marcione
1032 1615 1082 1702 lic
1107 1622 1169 1704 lo-

235 1731 378 1838 quitur.
399 1749 455 1807 «²
482 1732 530 1815 ld
552 1734 664 1845 quod
683 1733 739 1814 est
767 1729 988 1814 secundum
1015 1735 1166 1816 Lucam
1188 1765 1214 1809 o

232 1841 513 1956 Evangelium⁵
536 1849 700 1956 inquit,
724 1839 1012 1924 circumcidens
1033 1847 1163 1949 (Mar.
1186 1879 1213 1923 u

231 1956 348 2054 cion)
378 1963 419 2037 &
435 1956 571 2036 omnia
600 1983 686 2066 quae
710 1949 800 2036 sunt
827 1951 879 2036 de
932 1952 1164 2040 eneratlone
1186 1991 1212 2034 o

229 2065 402 2148 Domini
429 2062 575 2179 scripta
600 2065 810 2170 auferens,
838 2073 880 2149 &
904 1981 955 2149 {e
982 2067 1164 2151 doeirina
1186 2107 1212 2151 u

229 2171 454 2261 sermonum
467 2180 639 2261 Domini
657 2178 784 2261 multa
801 2175 1005 2286 auferens,
1024 2185 1067 2264 in
1079 2187 1162 2297 qui-
1184 2217 1212 2264 ιι

230 2283 301 2370 bus
324 2289 629 2374 manifestillime
657 2289 913 2372 conditorem
939 2290 1055 2401 hujus
1074 2298 1160 2377 uni-
1182 2327 1209 2379 u

230 2401 420 2486 verfitatis
433 2401 543 2485 suum
565 2405 727 2486 Patrem
744 2401 939 2486 confitens
959 2401 1167 2499 Domlnus¹
1184 2447 1212 2488 o

177 2523 185 2533 ‘
228 2511 473 2630 conscriptus
499 2515 583 2622 est3
611 2505 858 2627 semetipsum
881 2511 956 2598 elle
981 2523 1159 2600 veraclo-
1181 2559 1208 2600 ιι

225 2651 338 2730 rem,
363 2629 484 2740 quim
501 2624 589 2708 sunt
608 2626 651 2708 hi
670 2630 739 2737 qui
757 2626 1017 2740 Evangeliur'n
1034 2629 1158 2713 tradi-
1181 2667 1210 2714 <r

226 2739 377 2822 derunt
394 2739 598 2854 Apostoli,
619 2735 733 2820 sualit
743 2733 939 2853 discipulis
959 2735 1053 2846 suis3
1075 2759 1158 2824 non‘
1183 2779 1211 2826 ιι

220 2852 508 2966 Evangelium,
529 2849 597 2934 sed
610 2850 845 2964 particulam
862 2851 1065 2970 Evangelii
1083 2877 1160 2936 tra-
1183 2891 1210 2938 u

220 2963 327 3047 dens
340 2971 406 3050 eis.
435 2963 621 3048 Similiter
635 2988 769 3046 autem
789 2973 829 3046 lic
847 2965 1029 3079 Apostoli
1047 2965 1160 3046 Paull
1182 3003 1209 3048 <r

211 3078 417 3192 Epistolas
445 3075 643 3181 abscidit,
678 3073 859 3159 auferens
898 3095 1159 3189 quacumque
1182 3119 1209 3158 r·

206 3191 434 3280 manifeste
462 3192 568 3274 dicia
595 3187 684 3270 sunt
711 3187 762 3272 ab
796 3188 991 3302 Apostolo
1025 3187 1076 3274 de
1106 3215 1158 3272 eo
1181 3227 1208 3272 u

207 3313 347 3406 Deo,
366 3310 434 3417 qui
452 3302 648 3387 mundum
667 3299 785 3402 fecit,
805 3305 996 3413 quonlam
1008 3299 1076 3382 hic
1089 3329 1157 3415 pa·
1179 3341 1207 3386 «ο

234 3455 251 3484 ⁸
280 3443 359 3498 lren.
379 3439 426 3499 lib.
440 3457 567 3501 neonus
588 3435 668 3496 Har·
708 3427 714 3440 ’
733 3437 920 3498 illelocuser
935 3435 978 3498 liic
990 3436 1089 3520 estqui
1101 3449 1158 3501 non

200 3545 293 3591 nou.
306 3519 376 3580 Edit.
392 3519 474 3578 Paris.
485 3540 546 3602 cap.
556 3536 668 3600 27.pag.
710 3513 847 3578 habentur
859 3516 975 3588 crece,
995 3537 1026 3578 ut
1038 3525 1065 3578 δι
1077 3519 1158 3591 alius,

200 3617 289 3674 106.
302 3601 477 3663 micorum
486 3617 593 3680 capno
603 3615 669 3682 pag.
710 3599 761 3680 qui
778 3618 813 3657 ex
827 3599 926 3659 eodem
946 3596 1157 3684 lreuaoscqu'n

198 3706 287 3760 104·
711 3679 872 3752 rublum

960 3757 996 3850 ‚F
