3020 4564
14 303 15 320 Ν
125 375 127 380 -
287 317 519 430 ·Ecclefiastic.
532 315 701 400 Codicum
714 313 993 418 correptoribus.
1055 342 1122 422 137

184 429 321 542 siquis
339 429 552 545 suspeciam
575 426 796 531 ¹redderet,
816 449 886 510 aut
912 429 1121 508 Sacrorum

53 608 56 616 .
186 543 433 632 Litterarum
446 541 592 644 fidem,
614 566 684 623 aut
704 542 871 622 Petrum
890 539 1123 621 traditionis

185 658 477 739 auctoritatem.
497 689 499 696 s
757 733 760 738 .

239 769 367 882 Igitur
379 793 425 851 ut
439 769 492 851 de
504 765 634 850 Libris
651 764 794 884 divinis
809 760 1010 876 sigillatim
1026 785 1118 873 aga-

183 905 294 984 mut,
311 880 364 962 de
377 879 520 993 quibus
535 875 623 961 solis
636 905 742 958 nunc
757 875 814 958 est
830 873 1012 989 quaestio:
1032 897 1118 953 non

179 988 334 1105 possum
350 996 449 1106 quin
467 985 650 1074 assentiar
664 987 879 1071 doetiffimo
894 991 1005 1091 viro,
1023 1011 1118 1066 cum

184 1107 296 1209 εἰν,
323 1104 614 1218 Pyrrhonzsmum
633 1115 671 1185 in
696 1101 896 1216 religionem
923 1100 972 1180 ab
999 1129 1038 1178 eo
1061 1109 1117 1180 in·

179 1215 270 1296 vehi
281 1281 294 1320 ‚
322 1221 392 1328 qui
423 1220 564 1298 Sacros
585 1214 759 1296 Codices
783 1209 974 1328 suspeclos
1003 1209 1115 1295 facit.

180 1328 341 1411 Vetitm
356 1327 469 1410 idem
486 1325 586 1410 mihi
602 1325 761 1411 videtur
784 1326 909 1440 longo
928 1324 1118 1408 aberrare

179 1437 342 1544 ivero,
362 1447 403 1522 δι
419 1438 728 1552 Pyrrhonismo,
754 1451 990 1551 quantumvis
1009 1435 1058 1517 ab
1077 1467 1118 1516 eo

179 1548 367 1635 abhorrere
374 1551 418 1663 ſs
432 1551 619 1653 reclamet,
640 1549 767 1668 reipsa
781 1551 917 1635 favere
931 1577 1016 1632 non
1029 1575 1115 1630 mo-

180 1658 274 1741 dice
287 1729 299 1763 ‚
310 1661 405 1744 clun
413 1689 463 1747 ex
479 1664 653 1778 eoquod
668 1665 834 1778 quidam
848 1687 1003 1744 veteres
1018 1661 1113 1741 Hae-

10 1831 13 1850 ·
178 1776 295 1860 retici
313 1773 663 1882 accusentur,'tan
696 1804 789 1858 uam
812 1777 1024 1856 Sacrorum
1043 1772 1113 1854 Li-

180 1881 346 1972 brorum
375 1885 605 1992 falsatores,
622 1805 719 1970 inle
746 1885 884 2000 colligi
911 1880 1019 1999 polle
1035 1908 1112 1996 pu·
1168 1989 1172 1998 ἱ

178 1997 273 2080 tat1²
290 1999 450 2082 codices
462 1998 576 2102 illos,
595 2003 664 2113 qui
681 2001 722 2080 in
735 1996 909 2082 Ecclefia
925 1993 1116 2082 Catholie

9 2109 10 2122 Ν
175 2135 225 2198 ca
246 2106 511 2217 asservantur,
529 2107 604 2196 effe
620 2110 769 2195 debere
784 2107 986 2225 suspecios.

73 2223 85 2248 '
229 2223 530 2311 Haereticorum
577 2223 717 2310 erlidia
737 2221 996 2338 suspicionem
1023 2220 1112 2306 falfi

176 2329 369 2447 aspergit,
387 2364 471 2418 non
492 2251 699 2426 colicibus
716 2337 803 2440 his,
821 2343 922 2450 qnos
937 2333 1112 2420 Ecclesia

176 2445 394 2534 catholica
418 2446 573 2562 semper
597 2448 742 2539 habuit
760 2445 865 2552 „sed
890 2448 967 2531 illis
997 2443 1111 2546 solis,

175 2560 245 2670 qui
261 2555 424 2646 suerunt
440 2565 484 2646 in
510 2562 808 2644 Haereticorum
828 2558 1036 2675 potestate.
1073 2565 1113 2643 Si

172 2676 423 2754 contrarium
454 2671 614 2756 videtur
638 2671 880 2777 Cullantio‚
903 2672 1002 2786 quid
1029 2674 1110 2782 jam

170 2780 337 2896 ipsierit
356 2805 535 2870 certum?
561 2786 660 2896 quid
680 2813 762 2866 non
781 2783 1020 2900 suspectant
1041 2785 1108 2868 An

169 2920 387 3008 negaturus
403 2893 459 2978 est
479 2899 689 2990 Sacrorum
711 2895 927 2982 Librorum
942 2896 1104 2979 codices
1154 2941 1158 2950 ·

169 3006 326 3118 aliquot
360 3006 412 3098 ab
429 3010 651 3108 Haereticis
677 3009 773 3094 olim
804 3006 915 3094 fuille
942 3007 1100 3125 perfidi:
1154 3055 1157 3062 ,

168 3118 441 3206 adulteratost
465 3122 524 3203 At
544 3118 707 3206 falsifico
729 3127 944 3238 impiorum
967 3121 1099 3203 homi-

167 3219 266 3314 nuln
285 3234 452 3324 audacie
469 3257 557 3326 tam
572 3237 613 3316 in
627 3259 768 3348 aperto
782 3232 996 3352 pnfitaest,
1014 3258 1098 3318 tam
1153 3279 1155 3286 1

166 3343 291 3430 firmis
311 3350 554 3457 argumentis
577 3346 876 3453 demonstrata,
903 3370 949 3430 ut
974 3339 1026 3429 de
1049 3373 1099 3434 ee
1150 3391 1155 3404 ¹

166 3453 447 3566 jamdubitare
466 3486 549 3540 non
567 3459 696 3542 liceat.
726 3460 794 3541 An
812 3459 921 3544 ultrcl
942 3456 1097 3557 confes·
1149 3507 1153 3516 ·

165 3567 275 3661 sutus
303 3565 449 3680 absque
469 3570 552 3662 ulla
580 3570 855 3684 Pyrrhonismi
873 3595 972 3656 nota
989 3573 1094 3674 effie·
1145 3633 1147 3642 ι

194 3719 304 3784 tvnd.
318 3739 373 3783 tet.
387 3719 448 3782 cod.
459 3741 527 3805 pag.
540 3743 587 3797 47.
620 3721 632 3808 Ι
676 3725 772 3788 blloitl.
