2908 4544
185 265 186 268 ‘
304 291 381 374 540
530 271 594 350 De
606 261 785 344 veteribus
803 265 1012 348 Haereta'cis

302 379 409 480 alia,
431 379 500 488 qui
519 377 680 459 videtur
703 380 871 460 interra
891 368 1238 458 Filiusrrldverslrs

248 523 251 530 ·
302 489 491 601 utrosque
514 511 675 590 autem,
693 491 864 570 Arianos
891 489 1076 568 nimirum
1101 493 1145 566 δι’
1167 486 1235 566 Sa-

302 599 496 682 bellianos
510 666 522 704 ,
537 605 665 683 utitur
682 597 932 681 maximrhis
947 595 1105 694 verbis,
1121 597 1238 706 rpfiam

284 715 435 796 'auditu
455 716 505 796 lit
524 707 717 794 converso
729 712 782 794 ad
799 707 925 826 ipsum
938 708 1143 794 Christum
1162 705 1237 823 ser7

174 821 176 830 '
252 845 277 883 ⁵⁹
303 850 425 907 mone
445 830 526 908 ait:
546 864 571 901 «ι
589 827 672 908 Dic
690 825 873 908 Domine
894 848 1005 905 meus
1020 817 1113 950 Jesu
1128 887 1141 923 ‚
1158 819 1235 900 do-

221 963 229 1038 '.
252 957 278 996 ’³
301 963 349 1038 cr
434 959 480 1018 tu
497 937 596 1051 quid
606 935 705 1018 dicis
727 935 779 1020 de
796 961 849 1018 te.
865 937 985 1018 Pater
998 933 1179 1036 dixit,ut
1194 956 1237 1014 te

251 1071 276 1110 ¹³
300 1049 507 1131 audiamus
525 1095 536 1154 3
557 1047 652 1129 ciam
679 1045 720 1131 tr
744 1047 952 1150 audimus,
972 1043 1098 1159 ipsum
1120 1042 1234 1126 audi·
1261 1109 1263 1112 .

250 1181 276 1221 ’³
301 1188 444 1243 mus...
466 1197 490 1236 n
509 1161 673 1243 Deinde
700 1159 787 1242 haec
810 1158 959 1242 Christi
988 1155 1117 1240 verba.
1138 1183 1234 1271 pro.

245 1270 248 1275 ’
299 1270 519 1386 lanzago
536 1269 582 1368 όΝ
602 1284 723 1358 Pater
740 1303 848 1354 anum
856 1273 1119 1388 firmanTum
1138 1266 1238 1351 veri)
1298 1374 1302 1379 ἡ

250 1407 276 1447 ²³
300 1386 525 1468 Haereticos
542 1383 594 1468 fic
611 1383 841 1498 compellat.
856 1423 881 1461 n
899 1387 1002 1468 Non
1021 1381 1237 1494 dixit,Ego

249 1521 275 1562 ’⁹
299 1495 346 1592 ό·
365 1509 488 1582 I’attr
500 1527 593 1580 unus
603 1497 713 1611 firm:
735 1494 804 1580 sed
823 1511 900 1612 Ego
922 1493 970 1592 ὠ
989 1507 1112 1580 Pater
1127 1523 1236 1578 unum

247 1633 274 1674 ν’
290 1609 430 1722 stamus
453 1610 582 1718 Quod
605 1608 698 1692 dico
717 1638 851 1694 unam:
872 1607 1010 1692 audiat
1029 1609 1235 1689 Arrianus.

247 1749 273 1788 ν’
296 1723 426 1832 Quod
443 1721 698 1836 diconstcmua:
714 1720 851 1805 audiat
864 1719 1120 1806 sabellianus.
1133 1718 1238 1832 Noti

247 1859 274 1899 *a
299 1833 456 1918 dividat
475 1835 667 1918 Arrianus
685 1865 816 1916 unum:
837 1861 922 1916 non
935 1831 1077 1917 deleat
1097 1827 1235 1916 Sabel-

246 1970 271 2011 ‚2
295 1943 423 2030 lianus
432 1947 572 2060 stemus.
594 1983 619 2023 n
633 1946 793 2033 Caetera
806 1941 957 2030 referre
977 1973 1064 2029 non
1081 1939 1236 2028 necell't

295 2057 362 2176 eil.
385 2058 492 2142 Illud
510 2059 609 2143 veri)
624 2057 780 2144 adrem
794 2060 971 2142 nostram
989 2055 1155 2174 propius
1172 2053 1236 2140 fa-

294 2175 362 2253 cit.
388 2173 623 2256 Admiratus
648 2173 797 2253 Auctor
823 2169 988 2255 illorum
1016 2165 1234 2254 verborum

250 2323 254 2333 ·
295 2286 380 2376 vim
394 2303 407 2366 5
419 2294 511 2364 Hic
523 2287 570 2387 est
584 2282 708 2366 Filius
725 2311 822 2362 meus
842 2281 992 2366 dilellus
1012 2296 1050 2366 in
1064 2313 1135 2394 quo
1144 2281 1234 2364 mili

294 2393 378 2476 bene
389 2394 584 2501 complacui
590 2391 729 2590 ,ιφζκηι
746 2389 897 2492 audite,
913 2423 1001 2508 quae
1017 2422 1131 2478 arma
1149 2392 1236 2478 sub-

295 2506 548 2612 ministrant,
572 2511 641 2621 qui
671 2537 718 2590 us
741 2505 982 2613 Sabelliani,
1001 2509 1165 2594 Arriani
1192 2517 1236 2595 ὃ(

195 2701 197 2706 ,
295 2645 446 2705 catera
463 2620 590 2735 pestes
604 2619 930 2734 prosternantur,
944 2625 1092 2734 gratias
1110 2647 1236 2734 agens

292 2737 390 2818 Deo
410 2736 521 2817 Patri
537 2733 651 2847 quud
668 2733 739 2816 ista
764 2731 1007 2848 protulerit,
1023 2731 1076 2816 lic
1097 2731 1232 2817 excla-

243 2897 268 2939 „
293 2870 390 2931 mat.
409 2883 434 2923 ιι
456 2850 551 2930 1)εο
582 2850 741 2961 gratias.
772 2848 955 2928 Intonuit
985 2871 1234 2960 praeceptum

109 3055 113 3067 ¹
219 2961 220 2966 ‘
242 3013 268 3050 „
293 2947 376 3043 Dei
394 2958 593 3066 (dicentis
606 2957 722 3072 ipfirm
738 2957 887 3058 audite)
904 2965 1158 3042 &remotum
1174 2955 1235 3042 est

242 3126 268 3165 „
294 3069 501 3154 confilium
522 3069 631 3154 Petri
651 3070 844 3176 (dicentis
868 3069 993 3152 bonum
1020 3075 1067 3176 est
1092 3101 1153 3153 nos
1172 3069 1236 3156 hic

242 3239 267 3278 „
293 3181 364 3292 effa
377 3192 389 3285 )
401 3184 569 3266 Gratias
588 3181 661 3265 tibi
675 3206 823 3266 :rtema
841 3186 993 3287 virtus,
1013 3187 1160 3298 gratias
1179 3189 1234 3267 ti-

242 3353 267 3392 „
293 3294 334 3380 bi
359 3298 481 3380 Pater
498 3301 778 3410 omnipotens,
801 3295 870 3406 qui
888 3303 927 3380 &
951 3293 1094 3379 Filium
1114 3319 1231 3380 tuum

212 3448 218 3462 ·
241 3465 267 3503 „
292 3407 523 3514 ostendisti,
544 3416 586 3493 ὅ(
610 3408 711 3492 mihi
729 3409 953 3492 Douorem
971 3405 1125 3492 dedisti.
1147 3411 1230 3492 Ac-

240 3579 267 3619 „
293 3522 413 3605 cedat
434 3519 702 3626 sabellianus,
722 3517 887 3606 recedat
899 3521 1232 3626 Arrianusnece.

326 3674 433 3750 ‘loun
445 3689 487 3730 to·
500 3689 546 3744 3⁰·
617 3723 620 3736 ,
