<?xml version="1.0" encoding="UTF-8"?>
<!DOCTYPE html PUBLIC "-//W3C//DTD XHTML 1.0 Transitional//EN"
    "http://www.w3.org/TR/xhtml1/DTD/xhtml1-transitional.dtd">
<html xmlns="http://www.w3.org/1999/xhtml" xml:lang="en" lang="en">
 <head>
  <title>
</title>
<meta http-equiv="Content-Type" content="text/html;charset=utf-8" />
  <meta name='ocr-system' content='tesseract 3.04.00' />
  <meta name='ocr-capabilities' content='ocr_page ocr_carea ocr_par ocr_line ocrx_word'/>
</head>
<body>
  <div class='ocr_page' id='page_1' title='image "./deveteribushret00germgoog_0479.png"; bbox 0 0 2956 4558; ppageno 0'>
   <div class='ocr_carea' id='block_1_1' title="bbox 294 418 1282 2554">
    <p class='ocr_par' dir='ltr' id='par_1_1' title="bbox 344 418 1048 530">
     <span class='ocr_line' id='line_1_1' title="bbox 344 418 1048 530; baseline -0.004 -26"><span class='ocrx_word' id='word_1_1' title='bbox 344 451 432 530; x_wconf 82' lang='lat'>470</span> <span class='ocrx_word' id='word_1_2' title='bbox 571 431 636 506; x_wconf 88' lang='lat' dir='ltr'>De</span> <span class='ocrx_word' id='word_1_3' title='bbox 648 418 827 504; x_wconf 76' lang='lat' dir='ltr'>vetmbus</span> <span class='ocrx_word' id='word_1_4' title='bbox 842 431 1048 506; x_wconf 76' lang='lat' dir='ltr'>Haereticis</span> 
     </span>
    </p>

    <p class='ocr_par' dir='ltr' id='par_1_2' title="bbox 294 531 1282 2554">
     <span class='ocr_line' id='line_1_2' title="bbox 346 531 1278 650; baseline 0.002 -30"><span class='ocrx_word' id='word_1_5' title='bbox 346 532 503 620; x_wconf 79' lang='lat' dir='ltr'>Verum</span> <span class='ocrx_word' id='word_1_6' title='bbox 521 538 614 646; x_wconf 81' lang='lat' dir='ltr'>quia</span> <span class='ocrx_word' id='word_1_7' title='bbox 632 561 707 625; x_wconf 87' lang='lat' dir='ltr'>nec</span> <span class='ocrx_word' id='word_1_8' title='bbox 725 537 768 616; x_wconf 93' lang='lat' dir='ltr'>in</span> <span class='ocrx_word' id='word_1_9' title='bbox 785 531 959 625; x_wconf 84' lang='lat' dir='ltr'>secundo</span> <span class='ocrx_word' id='word_1_10' title='bbox 977 533 1082 620; x_wconf 91' lang='lat' dir='ltr'>libro</span> <span class='ocrx_word' id='word_1_11' title='bbox 1104 539 1278 650; x_wconf 78' lang='lat' dir='ltr'>genuina</span> 
     </span>
     <span class='ocr_line' id='line_1_3' title="bbox 345 643 1277 758; baseline -0.002 -30"><span class='ocrx_word' id='word_1_12' title='bbox 345 647 464 730; x_wconf 73' lang='lat' dir='ltr'>santii</span> <span class='ocrx_word' id='word_1_13' title='bbox 477 649 666 734; x_wconf 75' lang='lat' dir='ltr'>nonoris</span> <span class='ocrx_word' id='word_1_14' title='bbox 680 643 1024 758; x_wconf 83' lang='lat' dir='ltr'>verbaquicquam</span> <span class='ocrx_word' id='word_1_15' title='bbox 1036 643 1277 750; x_wconf 86' lang='lat' dir='ltr'>offerebant,</span> 
     </span>
     <span class='ocr_line' id='line_1_4' title="bbox 346 753 1277 872; baseline -0.006 -32"><span class='ocrx_word' id='word_1_16' title='bbox 346 759 459 872; x_wconf 92' lang='lat' dir='ltr'>quod</span> <span class='ocrx_word' id='word_1_17' title='bbox 478 757 700 842; x_wconf 83' lang='lat' dir='ltr'>Catholicis</span> <span class='ocrx_word' id='word_1_18' title='bbox 713 761 865 872; x_wconf 83' lang='lat' dir='ltr'>opponi</span> <span class='ocrx_word' id='word_1_19' title='bbox 879 757 1029 872; x_wconf 83' lang='lat' dir='ltr'>pollet,</span> <span class='ocrx_word' id='word_1_20' title='bbox 1047 753 1277 842; x_wconf 83' lang='lat' dir='ltr'>fraudulen..</span> 
     </span>
     <span class='ocr_line' id='line_1_5' title="bbox 346 865 1277 966; baseline 0.001 -13"><span class='ocrx_word' id='word_1_21' title='bbox 346 897 407 953; x_wconf 90' lang='lat' dir='ltr'>tus</span> <span class='ocrx_word' id='word_1_22' title='bbox 421 871 548 964; x_wconf 85' lang='lat' dir='ltr'>horno</span> <span class='ocrx_word' id='word_1_23' title='bbox 561 875 761 962; x_wconf 86' lang='lat' dir='ltr'>convertit</span> <span class='ocrx_word' id='word_1_24' title='bbox 773 866 811 960; x_wconf 82' lang='lat' dir='ltr'>se</span> <span class='ocrx_word' id='word_1_25' title='bbox 826 865 879 954; x_wconf 88' lang='lat' dir='ltr'>ad</span> <span class='ocrx_word' id='word_1_26' title='bbox 895 869 1011 966; x_wconf 86' lang='lat' dir='ltr'>dolos</span> <span class='ocrx_word' id='word_1_27' title='bbox 1024 907 1033 958; x_wconf 74' lang='lat'>2</span> <span class='ocrx_word' id='word_1_28' title='bbox 1048 870 1185 955; x_wconf 89' lang='lat' dir='ltr'>locum</span> <span class='ocrx_word' id='word_1_29' title='bbox 1200 868 1277 960; x_wconf 86' lang='lat' dir='ltr'>ele-</span> 
     </span>
     <span class='ocr_line' id='line_1_6' title="bbox 346 981 1276 1098; baseline 0.001 -33"><span class='ocrx_word' id='word_1_30' title='bbox 346 987 437 1098; x_wconf 86' lang='lat' dir='ltr'>git,</span> <span class='ocrx_word' id='word_1_31' title='bbox 459 1011 579 1096; x_wconf 90' lang='lat' dir='ltr'>quem</span> <span class='ocrx_word' id='word_1_32' title='bbox 610 981 797 1072; x_wconf 74' lang='lat' dir='ltr'>levissima</span> <span class='ocrx_word' id='word_1_33' title='bbox 824 982 980 1096; x_wconf 78' lang='lat' dir='ltr'>aliquot</span> <span class='ocrx_word' id='word_1_34' title='bbox 1008 982 1276 1072; x_wconf 82' lang='lat' dir='ltr'>litterularum</span> 
     </span>
     <span class='ocr_line' id='line_1_7' title="bbox 294 1091 1275 1210; baseline 0 -34"><span class='ocrx_word' id='word_1_35' title='bbox 294 1105 298 1112; x_wconf 87' lang='lat'>&#39;</span> <span class='ocrx_word' id='word_1_36' title='bbox 346 1100 627 1184; x_wconf 82' lang='lat' dir='ltr'>immutatione</span> <span class='ocrx_word' id='word_1_37' title='bbox 653 1099 812 1210; x_wconf 88' lang='lat' dir='ltr'>putavit</span> <span class='ocrx_word' id='word_1_38' title='bbox 839 1093 891 1181; x_wconf 82' lang='lat' dir='ltr'>sic</span> <span class='ocrx_word' id='word_1_39' title='bbox 917 1098 1120 1208; x_wconf 86' lang='lat' dir='ltr'>corrumpi</span> <span class='ocrx_word' id='word_1_40' title='bbox 1139 1091 1275 1210; x_wconf 80' lang='lat' dir='ltr'>polle,</span> 
     </span>
     <span class='ocr_line' id='line_1_8' title="bbox 347 1203 1277 1320; baseline 0.009 -32"><span class='ocrx_word' id='word_1_41' title='bbox 347 1231 392 1289; x_wconf 91' lang='lat' dir='ltr'>ut</span> <span class='ocrx_word' id='word_1_42' title='bbox 409 1206 593 1289; x_wconf 84' lang='lat' dir='ltr'>fraudem</span> <span class='ocrx_word' id='word_1_43' title='bbox 611 1207 816 1292; x_wconf 86' lang='lat' dir='ltr'>Catholici</span> <span class='ocrx_word' id='word_1_44' title='bbox 834 1237 917 1290; x_wconf 90' lang='lat' dir='ltr'>non</span> <span class='ocrx_word' id='word_1_45' title='bbox 929 1205 1130 1290; x_wconf 87' lang='lat' dir='ltr'>sentirent.</span> <span class='ocrx_word' id='word_1_46' title='bbox 1144 1203 1277 1320; x_wconf 85' lang='lat' dir='ltr'>Ipsum</span> 
     </span>
     <span class='ocr_line' id='line_1_9' title="bbox 348 1315 1274 1434; baseline 0 -34"><span class='ocrx_word' id='word_1_47' title='bbox 348 1317 430 1433; x_wconf 86' lang='lat' dir='ltr'>spes</span> <span class='ocrx_word' id='word_1_48' title='bbox 447 1316 513 1403; x_wconf 86' lang='lat' dir='ltr'>sua</span> <span class='ocrx_word' id='word_1_49' title='bbox 531 1317 686 1403; x_wconf 87' lang='lat' dir='ltr'>fefellit.</span> <span class='ocrx_word' id='word_1_50' title='bbox 703 1322 747 1406; x_wconf 91' lang='lat' dir='ltr'>N</span> <span class='ocrx_word' id='word_1_51' title='bbox 749 1349 815 1402; x_wconf 88' lang='lat' dir='ltr'>am</span> <span class='ocrx_word' id='word_1_52' title='bbox 841 1319 982 1402; x_wconf 75' lang='lat' dir='ltr'>contri</span> <span class='ocrx_word' id='word_1_53' title='bbox 995 1315 1274 1434; x_wconf 83' lang='lat' dir='ltr'>insurgensAl-</span> 
     </span>
     <span class='ocr_line' id='line_1_10' title="bbox 348 1430 1276 1546; baseline -0.004 -30"><span class='ocrx_word' id='word_1_54' title='bbox 348 1435 484 1516; x_wconf 86' lang='lat' dir='ltr'>cuinus</span> <span class='ocrx_word' id='word_1_55' title='bbox 516 1431 739 1517; x_wconf 78' lang='lat' dir='ltr'>hominem·</span> <span class='ocrx_word' id='word_1_56' title='bbox 761 1432 981 1546; x_wconf 69' lang='lat' dir='ltr'>graviffimh</span> <span class='ocrx_word' id='word_1_57' title='bbox 1021 1430 1276 1546; x_wconf 81' lang='lat' dir='ltr'>objurgavit,</span> 
     </span>
     <span class='ocr_line' id='line_1_11' title="bbox 347 1535 1278 1656; baseline -0.004 -31"><span class='ocrx_word' id='word_1_58' title='bbox 347 1544 460 1656; x_wconf 76' lang='lat' dir='ltr'>quhd</span> <span class='ocrx_word' id='word_1_59' title='bbox 471 1543 601 1625; x_wconf 88' lang='lat' dir='ltr'>verbis</span> <span class='ocrx_word' id='word_1_60' title='bbox 612 1544 760 1626; x_wconf 86' lang='lat' dir='ltr'>Hilarii</span> <span class='ocrx_word' id='word_1_61' title='bbox 778 1546 996 1628; x_wconf 86' lang='lat' dir='ltr'>immutatis</span> <span class='ocrx_word' id='word_1_62' title='bbox 1009 1537 1162 1630; x_wconf 78' lang='lat' dir='ltr'>dixisset</span> <span class='ocrx_word' id='word_1_63' title='bbox 1170 1535 1278 1650; x_wconf 80' lang='lat' dir='ltr'>adop..</span> 
     </span>
     <span class='ocr_line' id='line_1_12' title="bbox 347 1652 1276 1753; baseline -0.002 -15"><span class='ocrx_word' id='word_1_64' title='bbox 347 1678 476 1753; x_wconf 81' lang='lat' dir='ltr'>tatur,</span> <span class='ocrx_word' id='word_1_65' title='bbox 495 1654 564 1738; x_wconf 91' lang='lat' dir='ltr'>ubi</span> <span class='ocrx_word' id='word_1_66' title='bbox 585 1655 723 1740; x_wconf 81' lang='lat' dir='ltr'>beatus</span> <span class='ocrx_word' id='word_1_67' title='bbox 741 1652 900 1740; x_wconf 73' lang='lat' dir='ltr'>Dotlor</span> <span class='ocrx_word' id='word_1_68' title='bbox 916 1661 973 1742; x_wconf 83' lang='lat' dir='ltr'>ait</span> <span class='ocrx_word' id='word_1_69' title='bbox 994 1657 1177 1739; x_wconf 81' lang='lat' dir='ltr'>adoratur.</span> <span class='ocrx_word' id='word_1_70' title='bbox 1204 1653 1276 1738; x_wconf 85' lang='lat' dir='ltr'>Al.</span> 
     </span>
     <span class='ocr_line' id='line_1_13' title="bbox 347 1767 1277 1883; baseline -0.002 -34"><span class='ocrx_word' id='word_1_71' title='bbox 347 1771 507 1850; x_wconf 80' lang='lat' dir='ltr'>c&#39;uinum</span> <span class='ocrx_word' id='word_1_72' title='bbox 527 1794 659 1883; x_wconf 87' lang='lat' dir='ltr'>partes</span> <span class='ocrx_word' id='word_1_73' title='bbox 679 1768 762 1856; x_wconf 84' lang='lat' dir='ltr'>suas</span> <span class='ocrx_word' id='word_1_74' title='bbox 781 1771 883 1852; x_wconf 89' lang='lat' dir='ltr'>tueri</span> <span class='ocrx_word' id='word_1_75' title='bbox 905 1767 1070 1882; x_wconf 79' lang='lat' dir='ltr'>potuisse</span> <span class='ocrx_word' id='word_1_76' title='bbox 1086 1835 1097 1868; x_wconf 80' lang='lat'>,</span> <span class='ocrx_word' id='word_1_77' title='bbox 1114 1767 1237 1849; x_wconf 89' lang='lat' dir='ltr'>nonl</span> <span class='ocrx_word' id='word_1_78' title='bbox 1262 1823 1277 1846; x_wconf 88' lang='lat'>-.</span> 
     </span>
     <span class='ocr_line' id='line_1_14' title="bbox 348 1875 1279 1985; baseline 0.002 -25"><span class='ocrx_word' id='word_1_79' title='bbox 348 1879 435 1962; x_wconf 77' lang='lat' dir='ltr'>lum</span> <span class='ocrx_word' id='word_1_80' title='bbox 450 1881 639 1963; x_wconf 81' lang='lat' dir='ltr'>exhibitis</span> <span class='ocrx_word' id='word_1_81' title='bbox 658 1879 776 1966; x_wconf 69' lang='lat' dir='ltr'>santii</span> <span class='ocrx_word' id='word_1_82' title='bbox 795 1881 943 1966; x_wconf 84' lang='lat' dir='ltr'>Hilarii</span> <span class='ocrx_word' id='word_1_83' title='bbox 960 1879 1191 1985; x_wconf 82' lang='lat' dir='ltr'>codicibus,</span> <span class='ocrx_word' id='word_1_84' title='bbox 1211 1875 1279 1962; x_wconf 85' lang='lat' dir='ltr'>sed</span> 
     </span>
     <span class='ocr_line' id='line_1_15' title="bbox 348 1990 1280 2188; baseline -0.002 -112"><span class='ocrx_word' id='word_1_85' title='bbox 348 1996 470 2076; x_wconf 85' lang='lat' dir='ltr'>etiam</span> <span class='ocrx_word' id='word_1_86' title='bbox 489 2020 539 2077; x_wconf 87' lang='lat' dir='ltr'>ex</span> <span class='ocrx_word' id='word_1_87' title='bbox 560 1990 642 2107; x_wconf 85' lang='lat' dir='ltr'>ipso</span> <span class='ocrx_word' id='word_1_88' title='bbox 664 1993 877 2078; x_wconf 68' lang='lat' dir='ltr'>sanctisimi</span> <span class='ocrx_word' id='word_1_89' title='bbox 902 1991 1080 2188; x_wconf 60' lang='lat' dir='ltr'>Ellscopi</span> <span class='ocrx_word' id='word_1_90' title='bbox 1098 1991 1199 2106; x_wconf 92' lang='lat' dir='ltr'>stylo</span> <span class='ocrx_word' id='word_1_91' title='bbox 1222 2017 1280 2074; x_wconf 71' lang='lat' dir='ltr'>at,</span> 
     </span>
     <span class='ocr_line' id='line_1_16' title="bbox 349 2099 1278 2219; baseline 0.003 -34"><span class='ocrx_word' id='word_1_92' title='bbox 349 2119 428 2218; x_wconf 87' lang='lat' dir='ltr'>que</span> <span class='ocrx_word' id='word_1_93' title='bbox 445 2105 526 2216; x_wconf 84' lang='lat' dir='ltr'>ejus</span> <span class='ocrx_word' id='word_1_94' title='bbox 542 2109 699 2190; x_wconf 88' lang='lat' dir='ltr'>ratione</span> <span class='ocrx_word' id='word_1_95' title='bbox 719 2104 914 2219; x_wconf 87' lang='lat' dir='ltr'>loquendi</span> <span class='ocrx_word' id='word_1_96' title='bbox 970 2109 1127 2196; x_wconf 55' lang='lat' dir='ltr'>ablenus</span> <span class='ocrx_word' id='word_1_97' title='bbox 1148 2099 1278 2190; x_wconf 88' lang='lat' dir='ltr'>osten.-</span> 
     </span>
     <span class='ocr_line' id='line_1_17' title="bbox 310 2209 1280 2329; baseline 0.001 -33"><span class='ocrx_word' id='word_1_98' title='bbox 310 2209 326 2228; x_wconf 88' lang='grc'>”</span> <span class='ocrx_word' id='word_1_99' title='bbox 349 2211 681 2329; x_wconf 77' lang='lat' dir='ltr'>dimus2superest</span> <span class='ocrx_word' id='word_1_100' title='bbox 702 2239 748 2298; x_wconf 91' lang='lat' dir='ltr'>ut</span> <span class='ocrx_word' id='word_1_101' title='bbox 764 2217 990 2323; x_wconf 87' lang='lat' dir='ltr'>videamus,</span> <span class='ocrx_word' id='word_1_102' title='bbox 1004 2242 1137 2300; x_wconf 86' lang='lat' dir='ltr'>utram</span> <span class='ocrx_word' id='word_1_103' title='bbox 1150 2243 1199 2300; x_wconf 85' lang='lat' dir='ltr'>ex</span> <span class='ocrx_word' id='word_1_104' title='bbox 1217 2217 1280 2298; x_wconf 87' lang='lat' dir='ltr'>his</span> 
     </span>
     <span class='ocr_line' id='line_1_18' title="bbox 349 2324 1282 2424; baseline 0.006 -16"><span class='ocrx_word' id='word_1_105' title='bbox 349 2324 502 2409; x_wconf 86' lang='lat' dir='ltr'>duabus</span> <span class='ocrx_word' id='word_1_106' title='bbox 522 2325 685 2410; x_wconf 84' lang='lat' dir='ltr'>vocibus</span> <span class='ocrx_word' id='word_1_107' title='bbox 705 2331 896 2424; x_wconf 80' lang='lat' dir='ltr'>orationis</span> <span class='ocrx_word' id='word_1_108' title='bbox 916 2327 1030 2423; x_wconf 80' lang='lat' dir='ltr'>series</span> <span class='ocrx_word' id='word_1_109' title='bbox 1050 2356 1098 2418; x_wconf 82' lang='lat' dir='ltr'>ac</span> <span class='ocrx_word' id='word_1_110' title='bbox 1117 2353 1282 2422; x_wconf 81' lang='lat' dir='ltr'>contex-</span> 
     </span>
     <span class='ocr_line' id='line_1_19' title="bbox 349 2437 1092 2554; baseline 0.001 -34"><span class='ocrx_word' id='word_1_111' title='bbox 349 2460 413 2520; x_wconf 87' lang='lat' dir='ltr'>tus</span> <span class='ocrx_word' id='word_1_112' title='bbox 431 2442 577 2554; x_wconf 79' lang='lat' dir='ltr'>exigat.</span> <span class='ocrx_word' id='word_1_113' title='bbox 730 2481 732 2487; x_wconf 94' lang='lat'>·</span> <span class='ocrx_word' id='word_1_114' title='bbox 1089 2437 1092 2442; x_wconf 73' lang='grc'><strong>’</strong></span> 
     </span>
    </p>
   </div>
   <div class='ocr_carea' id='block_1_2' title="bbox 978 2667 1276 2684">
    <p class='ocr_par' dir='ltr' id='par_1_3' title="bbox 978 2667 1276 2684">
     <span class='ocr_line' id='line_1_20' title="bbox 978 2667 1276 2684; baseline 0.007 -2"><span class='ocrx_word' id='word_1_115' title='bbox 978 2667 1276 2684; x_wconf 50' lang='grc' dir='ltr'>..ι-Μ</span> 
     </span>
    </p>
   </div>
   <div class='ocr_carea' id='block_1_3' title="bbox 635 2783 995 2894">
    <p class='ocr_par' dir='ltr' id='par_1_4' title="bbox 635 2783 995 2894">
     <span class='ocr_line' id='line_1_21' title="bbox 635 2783 995 2894; baseline 0 -12"><span class='ocrx_word' id='word_1_116' title='bbox 635 2797 852 2894; x_wconf 62' lang='lat' dir='ltr'>Caput</span> <span class='ocrx_word' id='word_1_117' title='bbox 911 2783 995 2893; x_wconf 67' lang='lat' dir='ltr'>XL</span> 
     </span>
    </p>
   </div>
   <div class='ocr_carea' id='block_1_4' title="bbox 348 3003 1285 3350">
    <p class='ocr_par' dir='ltr' id='par_1_5' title="bbox 348 3003 1285 3350">
     <span class='ocr_line' id='line_1_22' title="bbox 348 3003 1285 3117; baseline -0.004 -23"><span class='ocrx_word' id='word_1_118' title='bbox 348 3017 491 3094; x_wconf 74' lang='lat' dir='ltr'>Utrum</span> <span class='ocrx_word' id='word_1_119' title='bbox 512 3005 724 3104; x_wconf 70' lang='lat' dir='ltr'>lemanem,</span> <span class='ocrx_word' id='word_1_120' title='bbox 750 3006 1050 3106; x_wconf 80' lang='lat' dir='ltr'>Felicianamne,</span> <span class='ocrx_word' id='word_1_121' title='bbox 1067 3037 1118 3092; x_wconf 89' lang='lat' dir='ltr'>an</span> <span class='ocrx_word' id='word_1_122' title='bbox 1134 3003 1254 3090; x_wconf 82' lang='lat' dir='ltr'>aliam</span> <span class='ocrx_word' id='word_1_123' title='bbox 1270 3049 1285 3117; x_wconf 74' lang='lat' dir='ltr'>l</span> 
     </span>
     <span class='ocr_line' id='line_1_23' title="bbox 431 3115 1195 3234; baseline 0 -32"><span class='ocrx_word' id='word_1_124' title='bbox 431 3117 556 3233; x_wconf 69' lang='lat' dir='ltr'>santii</span> <span class='ocrx_word' id='word_1_125' title='bbox 574 3115 739 3218; x_wconf 78' lang='lat' dir='ltr'>Hilarii</span> <span class='ocrx_word' id='word_1_126' title='bbox 751 3120 878 3234; x_wconf 83' lang='lat' dir='ltr'>scopus</span> <span class='ocrx_word' id='word_1_127' title='bbox 894 3133 1195 3232; x_wconf 76' lang='lat' dir='ltr'>atque&#39;orationis</span> 
     </span>
     <span class='ocr_line' id='line_1_24' title="bbox 679 3233 966 3350; baseline 0 -37"><span class='ocrx_word' id='word_1_128' title='bbox 679 3233 792 3348; x_wconf 72' lang='lat' dir='ltr'>strias</span> <span class='ocrx_word' id='word_1_129' title='bbox 815 3245 966 3350; x_wconf 72' lang='lat' dir='ltr'>exigat.¹</span> 
     </span>
    </p>
   </div>
   <div class='ocr_carea' id='block_1_5' title="bbox 347 3455 1288 3920">
    <p class='ocr_par' dir='ltr' id='par_1_6' title="bbox 347 3455 1288 3920">
     <span class='ocr_line' id='line_1_25' title="bbox 464 3455 1287 3575; baseline 0.006 -37"><span class='ocrx_word' id='word_1_130' title='bbox 464 3455 641 3542; x_wconf 80' lang='lat' dir='ltr'>Urucam</span> <span class='ocrx_word' id='word_1_131' title='bbox 657 3455 846 3560; x_wconf 83' lang='lat' dir='ltr'>ineditis,</span> <span class='ocrx_word' id='word_1_132' title='bbox 858 3456 978 3567; x_wconf 69' lang='lat' dir='ltr'>quim</span> <span class='ocrx_word' id='word_1_133' title='bbox 993 3457 1287 3575; x_wconf 83' lang='lat' dir='ltr'>inmanuscrip·</span> 
     </span>
     <span class='ocr_line' id='line_1_26' title="bbox 463 3562 1284 3687; baseline 0 -31"><span class='ocrx_word' id='word_1_134' title='bbox 463 3573 512 3656; x_wconf 90' lang='lat' dir='ltr'>tis</span> <span class='ocrx_word' id='word_1_135' title='bbox 533 3567 644 3653; x_wconf 91' lang='lat' dir='ltr'>libris</span> <span class='ocrx_word' id='word_1_136' title='bbox 668 3597 776 3653; x_wconf 91' lang='lat' dir='ltr'>nunc</span> <span class='ocrx_word' id='word_1_137' title='bbox 797 3571 1019 3687; x_wconf 73' lang='lat' dir='ltr'>reperiatur</span> <span class='ocrx_word' id='word_1_138' title='bbox 1033 3562 1204 3687; x_wconf 86' lang='lat' dir='ltr'>utraque</span> <span class='ocrx_word' id='word_1_139' title='bbox 1224 3571 1284 3658; x_wconf 90' lang='lat' dir='ltr'>le-</span> 
     </span>
     <span class='ocr_line' id='line_1_27' title="bbox 347 3679 1285 3796; baseline -0.018 -19"><span class='ocrx_word' id='word_1_140' title='bbox 347 3689 452 3792; x_wconf 71' lang='lat' dir='ltr'>stio,</span> <span class='ocrx_word' id='word_1_141' title='bbox 473 3691 514 3770; x_wconf 77' lang='grc' dir='ltr'>δι</span> <span class='ocrx_word' id='word_1_142' title='bbox 533 3689 574 3766; x_wconf 91' lang='lat' dir='ltr'>in</span> <span class='ocrx_word' id='word_1_143' title='bbox 593 3683 678 3766; x_wconf 85' lang='lat' dir='ltr'>aliis</span> <span class='ocrx_word' id='word_1_144' title='bbox 699 3682 863 3796; x_wconf 85' lang='lat' dir='ltr'>quidem</span> <span class='ocrx_word' id='word_1_145' title='bbox 890 3679 937 3764; x_wconf 81' lang='lat' dir='ltr'>sit</span> <span class='ocrx_word' id='word_1_146' title='bbox 963 3684 1130 3778; x_wconf 73' lang='lat' dir='ltr'>verbum</span> <span class='ocrx_word' id='word_1_147' title='bbox 1148 3687 1285 3768; x_wconf 77' lang='lat' dir='ltr'>adora.</span> 
     </span>
     <span class='ocr_line' id='line_1_28' title="bbox 348 3795 1288 3920; baseline 0.002 -41"><span class='ocrx_word' id='word_1_148' title='bbox 348 3821 434 3914; x_wconf 71' lang='lat' dir='ltr'>tur²</span> <span class='ocrx_word' id='word_1_149' title='bbox 458 3805 501 3896; x_wconf 86' lang='lat' dir='ltr'>in</span> <span class='ocrx_word' id='word_1_150' title='bbox 523 3795 608 3897; x_wconf 79' lang='lat' dir='ltr'>aliis</span> <span class='ocrx_word' id='word_1_151' title='bbox 629 3795 725 3896; x_wconf 75' lang='lat' dir='ltr'>vero</span> <span class='ocrx_word' id='word_1_152' title='bbox 750 3795 975 3920; x_wconf 61' lang='lat' dir='ltr'>adoptatum</span> <span class='ocrx_word' id='word_1_153' title='bbox 990 3822 1082 3894; x_wconf 86' lang='lat' dir='ltr'>utra</span> <span class='ocrx_word' id='word_1_154' title='bbox 1107 3803 1288 3914; x_wconf 81' lang='lat' dir='ltr'>genuina</span> 
     </span>
    </p>
   </div>
   <div class='ocr_carea' id='block_1_6' title="bbox 0 0 1488 4558">
    <p class='ocr_par' dir='ltr' id='par_1_7' title="bbox 0 0 1488 4558">
     <span class='ocr_line' id='line_1_29' title="bbox 0 0 1488 4558; baseline 0 0"><span class='ocrx_word' id='word_1_155' title='bbox 0 0 1488 4558; x_wconf 95' lang='lat' dir='ltr'> </span> 
     </span>
    </p>
   </div>
  </div>
 </body>
</html>
