2896 4562
295 253 522 366 Ecclefiastic.
541 252 712 337 Codicum
727 246 1005 353 emporibus.
1043 249 1118 354 569

244 365 432 448 Peccavit
455 393 553 479 ergo
574 361 796 476 gravilfime
818 359 1009 462 Rufinus,
1025 360 1121 440 clun

186 498 233 556 ut
252 479 550 560 Haereticorum
573 481 615 557 in
634 472 908 556 adulterandis
925 469 1034 552 libris
1056 497 1121 551 au-

186 586 343 672 daciam
364 616 553 704 magnam
578 585 688 670 fuiffe
714 590 940 686 evinceret,
957 607 1028 665 aut
1060 580 1119 663 fa-

185 695 297 786 bulas
330 700 410 815 ipse
436 725 688 784 commentus
714 697 798 801 est,
826 719 896 778 aut
924 695 1120 777 levilfimae

181 810 309 924 plebis
347 812 593 896 rumusculos
630 809 806 924 collegit.
826 813 966 919 Quare
1001 807 1118 918 hujus

92 949 93 956 ¹
179 949 295 1007 exem
326 923 366 1006 lo
383 927 677 1020 admonemur,
696 947 807 1005 utne
827 947 941 1002 aures
962 917 1117 1032 quibus-

177 1039 236 1117 vis
246 954 409 1119 telibus
426 1037 704 1152 imprudenter
714 1033 1037 1118 commodemus:
1048 1031 1116 1114 sed

177 1173 270 1229 eum
290 1139 508 1232 habeamus
526 1147 691 1252 testem,
710 1153 778 1258 qui
793 1170 924 1257 neque
939 1145 1114 1228 audaciae

176 1262 221 1342 in
239 1262 475 1345 mentiendo
495 1330 506 1364 ,
529 1289 579 1343 ne
611 1288 661 1344 ue
687 1264 819 1342 nimiae
841 1262 884 1339 in
905 1257 1112 1343 credendo

174 1369 378 1454 facilitatis
396 1379 507 1488 argui
532 1291 656 1487 polfit.

231 1486 359 1567 Porro
380 1489 638 1600 Hieronymo
656 1490 699 1568 in
713 1484 798 1585 his,
817 1513 904 1600 quae
920 1482 1111 1566 adversus

173 1595 368 1679 Rufinum
389 1597 558 1712 scripfit,
569 1597 690 1713 plane
706 1596 781 1682 elle
794 1596 1042 1679 credendum
1055 1601 1110 1676 vi-

172 1708 291 1791 detur
312 1709 528 1793 definiville
549 1716 590 1792 in
613 1710 801 1790 Concilio
820 1713 1011 1793 Romano
1029 1709 1109 1790 Ge-

171 1817 286 1902 lafius
313 1825 449 1937 Papa:
473 1821 542 1905 ubi
571 1822 622 1904 fic
649 1820 841 1934 loquitur.
860 1837 875 1870 ²
891 1819 920 1897 ἰι
939 1820 1106 1904 Rufinus
1131 1865 1156 1904 ιι

169 1935 231 2012 vir
249 1931 484 2046 religiosus,
513 1933 707 2049 plurimos
729 1931 986 2016 Ecclefiastici
1009 1960 1102 2046 ope·
1128 1976 1154 2012 ιι

169 2047 222 2125 ris
241 2045 370 2129 edidit
389 2045 538 2151 libros,
558 2044 771 2128 nonnullas
787 2048 913 2136 etiarn
928 2047 1101 2158 Scriptu-
1128 2087 1153 2127 ιι

165 2184 230 2238 ras
263 2163 548 2273 interpretatus
578 2157 659 2241 est:
686 2155 751 2240 sed
783 2162 975 2272 quoniam
1010 2182 1100 2240 eum
1126 2202 1151 2240 ιι

146 2268 305 2352 beatus
334 2275 610 2386 Hieronymus
637 2274 678 2352 in
706 2269 904 2383 aliquibus
924 2271 976 2354 de
994 2271 1098 2353 arbi.
1125 2315 1150 2355 ιι

165 2387 232 2463 trii
257 2384 444 2468 libertate
470 2389 652 2488 notavit,
680 2381 750 2465 illa
774 2381 988 2484 sentimus,
1012 2412 1099 2496 quae
1124 2431 1149 2468 ιι
1235 2463 1239 2470 .

162 2495 394 2604 Ρτεεάἰέὶυηι
427 2496 588 2579 beatum
623 2497 922 2607 Hieronymum
956 2493 1100 2576 sentire
1123 2542 1148 2580 ιι

162 2633 213 2684 co
244 2605 467 2690 noscimus3
491 2615 532 2690 δι
555 2633 640 2687 non
666 2603 795 2685 solltm
827 2606 878 2688 de
908 2605 1058 2690 Rufino
1084 2673 1095 2711 ,
1122 2654 1148 2691 ιι

161 2631 365 2800 sedetiam
384 2719 436 2800 de
449 2715 768 2828 univerfis,quos
788 2714 994 2830 vitsaepiirs
1010 2743 1092 2800 me·
1121 2765 1146 2803 ιι

160 2857 367 2936 moratus,
388 2830 479 2914 zelo
507 2833 589 2916 Dei
622 2827 781 2913 &fidei
807 2827 1002 2945 religione
1030 2857 1092 2915 re·
1119 2877 1145 2916 ιι
1250 2912 1254 2924 ,

156 2943 386 3056 prehendit.
1119 2993 1143 3030 ιι

214 3057 352 3140 Rufini
378 3060 649 3142 temeritatem
676 3060 823 3140 imitati
849 3053 937 3140 sunt
959 3058 1089 3172 poste.

159 3173 311 3249 riorum
331 3194 559 3299 temporum
578 3165 797 3274 Haeretici‚
814 3168 958 3282 quibus
970 3172 1092 3254 iirter.

156 3277 253 3361 dum
274 3288 474 3397 contigrt,
500 3306 545 3365 ut
565 3281 883 3387 dictamnum,
904 3313 991 3396 quae
1014 3283 1089 3367 sol-

155 3419 249 3477 vere
267 3424 350 3476 non
396 3419 584 3499 oterant,
603 3419 794 3508 corrupta
810 3395 1004 3480 dicerent.
1026 3400 1091 3480 Ita

153 3506 294 3618 bapud
316 3424 600 3592 Bellatminum
624 3509 911 3611 Hermannus,
935 3534 980 3592 ut
1010 3507 1086 3593 res.

179 3650 286 3706 *Tom
299 3669 328 3720 4.
340 3649 429 3710 Cone.
441 3664 507 3730 pag.
521 3661 599 3723 1263.
616 3641 626 3731 Ι
660 3650 1085 3736 bTorn·r.Contr.lib.4.cay.7.
