2956 4558
309 345 535 454 Eccletastic.
550 347 718 432 Codicum
732 344 1010 452 Comptoribus.
1036 339 1040 348 ¹
1066 375 1139 452 421

202 458 355 544 rasrffet·
366 483 487 573 atque
503 456 770 542 adulterasset.
785 457 945 539 contra
962 459 1060 542 verb
1073 489 1140 540 co-

207 572 334 678 dices,
354 601 454 686 quos
466 571 706 686 Agobardus
722 569 864 652 habuit
880 574 921 652 in
934 570 1139 676 manibus,

204 713 297 766 non.
312 683 401 767 sunt
419 683 471 766 ab
496 688 609 766 omni
633 681 849 796 suspicione
873 687 1081 765 immunes.

207 827 211 835 ⁸
262 827 286 880 ι.
308 796 443 880 Facile
459 795 545 880 fieri
562 801 720 910 potuit,
736 820 780 876 ut
796 799 865 905 qui
886 793 1142 879 habebantur

205 911 394 1024 Lugduni
430 909 591 991 codices
621 906 739 990 sancti
772 905 949 1011 Hilarii,
979 935 1030 991 ex
1070 906 1143 990 illo

203 1047 397 1137 corrupto
417 1017 723 1134 Aquisgranenfi
740 1018 855 1102 fonte
878 1024 1141 1104 manaverint.

126 1201 131 1208 .
205 1138 369 1249 Quippe
403 1133 497 1214 cirm
531 1139 641 1214 suum
676 1130 866 1215 adversus
895 1131 1067 1217 Felicem
1093 1132 1142 1215 li.

206 1246 324 1328 brum
347 1242 497 1358 scripsit
515 1243 783 1359 sigobardus,
804 1242 921 1326 multi
949 1247 1030 1354 jam
1050 1251 1146 1330 anni

205 1357 470 1462 effluxerant,
490 1385 540 1440 ex
569 1387 651 1470 quo
679 1356 789 1439 Felix
809 1355 942 1469 Aquis
961 1355 1144 1443 fanenses

207 1469 368 1552 codices
383 1468 605 1554 violaverat
617 1517 626 1572 3
640 1466 787 1552 librum
805 1473 912 1552 enim
931 1385 1040 1552 bunc
1060 1500 1146 1564 nan

207 1581 367 1664 videtur
383 1579 665 1697 composuisse,
681 1605 900 1693 antequam
918 1581 998 1696 ipse
1018 1582 1043 1663 d
1061 1587 1143 1668 Lu-

207 1693 355 1776 do'vico
367 1696 442 1780 Pio
463 1699 713 1810 Imperatore
724 1698 882 1794 veniam
893 1693 1144 1800 obtinuisset,

211 1833 332 1921 quem
350 1806 503 1890 idcirco
524 1831 647 1889 vocat
665 1823 681 1856 ²
704 1804 927 1918 benignorum
947 1805 1143 1920 benigmffi-

206 1949 327 2015 mum,
345 1921 675 2034 manfiaetorumque
689 1917 1037 2026 tranquilliffimicm:
1060 1948 1147 2002 non

208 2029 265 2113 est
283 2054 417 2114 autem
434 2032 654 2116 Ludovico·
667 2029 947 2113 reconciliatus
966 2032 1150 2144 Agobar-
1226 2079 1238 2090 -

209 2144 385 2226 ducante
394 2169 544 2225 annum
557 2141 707 2227 Christi
722 2149 741 2224 8
745 2171 792 2250 37
801 2139 1149 2336 :Aquispranenses

207 2259 307 2340 verb
327 2255 488 2338 codices
515 2254 688 2338 alFelice
712 2259 892 2368 corrupti
940 2279 1014 2337 unt
1039 2284 1148 2339 anno

138 2395 141 2402 ’
208 2368 358 2454 Christi
386 2399 483 2478 799.
502 2372 644 2483 Qare
662 2370 769 2451 inter
800 2365 946 2450 faciam
971 2367 1146 2454 alFelice

207 2479 670 2594 fraudem,&scriptum
683 2479 970 2592 abigobardo
984 2479 1147 2586 librum,

209 2594 476 2706 quadraginta
510 2589 600 2674 serb
626 2593 723 2673 anni
751 2589 1021 2674 intercedunt.
1048 2597 1146 2706 Quo

209 2709 401 2818 temporis
415 2701 632 2785 intervallo
647 2697 778 2813 spuria
793 2699 934 2784 Felicis
948 2700 1066 2785 leuio
1079 2733 1150 2844 po.

208 2820 287 2900 tuit
315 2813 498 2898 latillrmb
529 2839 658 2927 propa
686 2813 745 2893 ari
761 2815 777 2918 '3
807 2809 1023 2925 praesertim
1053 2843 1151 2898 cum

209 2953 366 3012 certum
388 2926 435 3014 stt
455 2955 541 3010 aevo
559 2924 631 3010 illo
653 2839 847 3009 {molino
869 2924 1063 3039 plurimos
1079 2955 1150 3010 ex.

209 3041 424 3124 scribendis
434 3045 629 3124 Veterum
640 3036 750 3121 libris
760 3035 1000 3142 incubuille,
1016 3049 1057 3123 &
1072 3040 1151 3122 ele-

211 3159 438 3271 gantiorem
460 3148 656 3238 scribendi
679 3149 854 3236 formam
874 3147 949 3234 else
969 3148 1150 3260 secutos3

211 3267 319 3352 unde
335 3265 482 3350 fanum
497 3262 555 3348 est
565 3331 577 3367 ,
589 3288 635 3350 ut
648 3262 792 3346 recbns
807 3261 942 3376 scripti
954 3262 1047 3348 libri
1063 3292 1148 3348 ma-

208 3385 268 3495 gis
283 3377 405 3463 ellent
425 3382 467 3460 in
486 3374 554 3462 usu
568 3381 799 3482 communi,
818 3399 962 3490 utpote
983 3377 1149 3464 nitidio-
1196 3473 1198 3476 ¹
1241 3389 1247 3404 ·

211 3519 273 3578 res
292 3500 333 3577 bc
353 3490 661 3574 commodiores.

236 3673 252 3706 ⁸
274 3669 334 3730 Lib.
351 3664 458 3732 advers.
479 3668 561 3730 felic.
587 3670 663 3726 l’rae·
676 3666 691 3820 Ι
703 3683 773 3730 tom
787 3683 836 3738 14.
846 3685 912 3750 pag.
925 3685 991 3742 2⁴3·
1069 3638 1075 3654 Ι

212 3746 663 3854 ἡτ.1ΜαςηαΒίδΙὶοιὶ.Ριιιιω,
821 3819 962 3938 Ddiij
1023 3828 1029 3836 .
