3020 4564
346 313 412 388 13⁰
577 285 840 372 Deorten‘bur
853 293 1061 370 Hammo

293 437 319 482 n
344 399 444 480 lium
470 397 573 502 Dei,
594 395 766 482 alterum
789 398 914 481 filium
938 398 1114 481 hominis
1141 399 1285 514 praedi·

291 555 319 596 o
347 539 463 616 cans,
480 518 521 593 δι
532 509 647 593 iilum
665 509 827 616 (erasit)
843 509 1029 625 Apostoli
1042 511 1198 616 locum,
1216 509 1286 594 ubi

293 665 320 707 n
348 624 476 729 dicit,
497 622 610 736 quod
628 627 813 739 apparuit
830 640 844 673 ²
862 635 902 706 in
916 653 1032 729 carne,
1048 625 1286 730 vivificatum

294 778 320 820 o
346 743 392 850 est
413 752 452 820 in
471 747 622 842 Spiritu.
638 771 664 812 o
687 735 1114 821 HadenusFulbertus
1132 742 1227 850 :qui
1246 747 1288 822 δι

346 846 550 935 Ambrosii
568 845 620 930 de
630 848 811 952 Arianis,
831 855 872 931 ὃ(
891 851 1063 932 Socratis
1081 849 1132 932 de
1150 854 1287 961 primis

347 968 392 1048 N
395 961 599 1045 estorianae
620 958 773 1042 haeresis
792 959 1077 1075 anteiignanis,
1099 970 1140 1046 dt
1153 965 1286 1044 Hinc.

348 1077 450 1158 mari
469 1069 521 1153 de
537 1067 711 1184 utrisque
730 1071 879 1158 dierum
897 1072 1131 1178 confirmat,
1152 1072 1236 1155 irnd
1247 1082 1289 1157 δι

347 1211 497 1270 novam
517 1185 841 1270 criminationem
862 1189 907 1271 N
910 1183 1055 1268 estorio
1079 1190 1288 1301 impingit:

348 1324 424 1492 ope
444 1320 582 1381 tamen
598 1295 623 1378 d
641 1323 846 1410 quoquam
861 1297 1017 1380 idcircd
1032 1296 1291 1414 reprehensus

349 1436 372 1494 e

405 1522 491 1604 Cur
513 1545 611 1634 ergo
633 1521 694 1600 vir
711 1515 916 1632 religiosus
933 1522 1201 1606 Hincmarum
1229 1513 1291 1607 ress
1387 1527 1396 1544 '
1498 1529 1499 1536 '

349 1631 587 1750 prehendit,
608 1657 729 1743 quem
752 1633 948 1735 Socratis,
970 1629 1054 1712 imd
1078 1641 1118 1716 δι
1142 1634 1293 1748 prisco.

350 1777 438 1830 rum
468 1743 630 1827 illorum
661 1747 954 1856 interpretum,
982 1770 1083 1856 quos
1110 1749 1294 1828 Socrates
1429 1805 1433 1816 .

350 1859 555 1962 laudavit,
574 1857 811 1938 audioritate
824 1856 901 1936 niti,
909 1881 993 1937 non
1002 1861 1190 1970 ignorat?
1209 1860 1295 1942 Cur

351 1967 568 2085 suspicatur
587 1966 729 2049 falsum
749 1958 825 2052 effe
842 1964 888 2049 id
908 1968 1021 2081 quod
1047 1970 1295 2054 Hincmarur

351 2110 402 2166 ex
421 2083 594 2166 Socratis
619 2075 801 2163 Historia
822 2083 1008 2162 recitavit
1030 2107 1042 2164 r
1071 2083 1294 2196 Triplicem

350 2196 471 2308 hujus
486 2190 559 2274 suar
582 2185 807 2304 suspicionis
818 2187 977 2273 causam
997 2191 1164 2305 profert.

407 2311 543 2392 Prima
559 2301 628 2408 est,
646 2301 844 2386 silentium
856 2301 1001 2418 Cyrilli
1013 2302 1293 2411 Alexandrini,

356 2417 556 2504 Caelestini
578 2420 718 2612 Papae,
744 2419 913 2522 Leonis,
941 2419 1064 2500 Marii
1086 2420 1294 2500 Mercaro.

353 2537 427 2640 ris,
444 2557 569 2644 atque
582 2533 624 2645 ip
641 2526 886 2620 rusConcilii
897 2527 1092 2726 Epheiini.
1115 2530 1199 2614 ‘sed
1239 2535 1298 2614 uis

357 2643 552 2755 ejusmodi
580 2665 862 2758 argumentum
893 2669 916 2724 a
947 2645 1106 2749 mittat,
1134 2559 1297 2727 ubiira.

325 2824 328 2836 .
357 2755 505 2842 bentur
526 2753 593 2838 aiii
616 2753 755 2859 testes,
779 2778 849 2836 aut
873 2755 1110 2838 eorumdem
1138 2780 1298 2870 tempo-

357 2899 448 2954 rum
468 2866 670 2982 aquales,
701 2890 771 2950 aut
795 2870 918 2948 etiam
945 2873 1199 2973 anteriores,
1229 2877 1299 2983 qui

357 3011 445 3068 rem
461 2983 594 3096 palam
613 2988 654 3064 &
674 2976 821 3062 diserte
841 2978 1067 3064 affirmant?
1095 2981 1164 3062 Ad
1187 3011 1300 3067 com.

361 3094 617 3213 probandam
647 3089 741 3177 fasti
776 3092 941 3206 alicujus
976 3099 1188 3176 veritatem
1214 3096 1302 3212 plus
1419 3100 1422 3110 ’

362 3208 553 3326 ponderis
577 3204 730 3320 semper
749 3203 920 3311 habuit,
951 3204 1015 3290 vel
1043 3209 1157 3288 unius
1177 3209 1305 3327 Scripr

363 3327 463 3407 toris
482 3322 693 3406 auctoritas
713 3345 800 3402 rem
822 3387 834 3425 ,
857 3319 977 3434 qudm
1001 3317 1134 3425 vidit,
1155 3321 1304 3406 diserte

364 3433 633 3537 testificantis,
668 3433 790 3546 quim
813 3431 871 3526 ‚ad
908 3433 1136 3546 negandam
1173 3436 1305 3523 valeat

366 3545 586 3629 multitudo
613 3573 782 3654 eorum,
815 3550 990 3661 quirem
1021 3546 1194 3632 eandem
1221 3579 1304 3634 non

394 3693 441 3742 ¹1.
458 3683 517 3741 I‘tt.
536 3700 560 3755 3.
571 3687 612 3740 ιδ.
