2896 4562
1 2839 3 2882 l
106 2903 108 2909 ,
159 2823 408 2910 Tolosanum
420 2821 919 2944 Episcopum⁸,inquapost

263 359 489 472 Ecclefiastic.
509 359 677 462 Codicum
694 358 972 463 correptoribus.
1028 391 1104 469 597

166 469 219 554 de
235 471 478 560 Traditione
494 473 659 552 Petrum
680 469 841 582 qu'aestio
860 468 917 552 est
934 538 946 574 ,
970 472 1022 567 ad
1056 475 1102 554 il-

165 581 249 664 lam
265 581 579 696 investigandam
594 647 605 684 ,
622 609 706 662 non
717 607 766 662 ea
784 577 936 664 consuli
954 582 1106 667 debent

165 717 457 799 monumenta,
480 722 568 807 quae
596 691 768 778 Ecclesia
796 693 1010 808 repudiat:
1035 693 1105 780 sed

165 833 257 918 quae
272 803 483 922 suscipit&
499 830 726 890 veneratur.
740 804 842 890 Falli
857 807 1000 889 volunt
1011 876 1023 912 ,
1035 816 1104 921 qui

58 936 65 951 ·
164 923 211 1000 iis
229 915 427 1002 falluntur
442 917 617 1034 scriptis,
634 947 723 1032 quae
744 918 808 1002 vel
827 918 1104 1003 Ecclesiasticis
1165 965 1169 977 x

164 1030 319 1138 judiciis
334 1031 468 1144 palam
485 1029 764 1133 confix'asunt,
775 1030 838 1113 vel
852 1035 975 1114 etiam
994 1033 1105 1148 ipri-

164 1145 264 1225 vatis
291 1143 539 1226 Dostoribus
562 1145 821 1228 Orthodoxis
845 1143 1026 1258 legitima
1052 1146 1104 1230 de

161 1251 279 1336 causa
292 1282 367 1369 pro
383 1253 559 1370 suspedis
573 1255 790 1340 habentur.
798 1259 903 1368 Quae
916 1263 1024 1340 enim
1035 1262 1105 1342 Ec-

162 1363 282 1449 clella
298 1366 534 1480 proscribit,
551 1373 720 1451 omnino
736 1369 818 1484 legi
832 1397 917 1452 non
931 1371 1103 1458 debent:

163 1506 253 1590 quae
278 1479 377 1562 verb
401 1481 574 1595 religiosi
594 1490 635 1566 δι
658 1481 808 1564 eruditi
832 1485 908 1565 viri
932 1481 1105 1597 suspedla
1134 1574 1135 1585 Ν

162 1589 341 1696 habent,
360 1619 445 1676 non
463 1593 618 1678 debent
633 1595 714 1708 legi
728 1594 808 1678 sine
827 1599 1025 1680 cautione.
1043 1601 1102 1681 Ex

162 1707 314 1788 neutris
331 1730 467 1792 antem
490 1731 604 1802 certa
627 1707 794 1790 traditio
814 1711 992 1791 eruitur:
1016 1735 1102 1792 non

161 1841 214 1896 ex
241 1820 403 1929 primis,
420 1846 511 1934 quae
540 1823 682 1902 vitiata
705 1817 782 1902 elle
813 1817 995 1903 constat:
1016 1849 1101 1904 non

159 1952 212 2008 ex
230 1928 342 2034 aliis,
361 1930 572 2046 dequibus
591 1929 801 2016 dubitatur
827 1931 966 2015 utrum
989 1937 1101 2017 vitio

161 2061 207 2124 ta
221 2040 307 2124 sint.
749 2077 752 2086 ’

217 2151 400 2237 Pluribus
427 2180 565 2240 autem
594 2155 808 2272 operibus,
827 2185 914 2272 quae
946 2158 1101 2242 malitia

155 2267 459 2354 Haereticorum
475 2292 742 2466 corrufierat,
759 2269 999 2386 abrogatam
1024 2271 1100 2356 elle

157 2377 308 2487 fidem,
325 2403 440 2496 patet
452 2409 502 2466 ex
517 2385 589 2499 Epi
626 2381 693 2464 ola
708 2385 937 2468 Innocentii
948 2390 1067 2499 primi
1084 2455 1097 2491 ,

160 2516 217 2572 ac·
235 2493 400 2604 Synodo
420 2498 612 2579 Romana
640 2495 665 2577 d
691 2494 854 2578 Gelalio
880 2495 1097 2582 celebrata.

159 2607 225 2684 Ac
242 2604 375 2716 primo
393 2601 571 2718 superibs
587 2604 838 2688 laudavimus
857 2609 1097 2692 notissimam

39 2765 43 2772 -
160 2715 391 2798 innocentii
405 2719 526 2830 primi
543 2715 760 2832 Epistulam
777 2715 833 2799 ad
854 2719 1097 2913 Exufesrium

956 2858 1053 2916 ecn
1083 2887 1096 2901 -

159 2963 246 3024 tum
268 2935 486 3026 Librorum
509 2941 739 3025 divinorum
762 2941 974 3027 Canonem
1000 2861 1096 3062 vigpi.

157 3051 387 3136 lantiffimus
410 3051 600 3140 Pontifex
622 3051 838 3170 diligenter
866 3056 1063 3143 admonet
1081 3129 1094 3167 ,

158 3190 287 3250 utnon
312 3167 412 3250 modi
435 3165 685 3276 repudientur,
704 3173 833 3250 verelm
858 3181 973 3250 etiam
988 3173 1093 3254 dem-

155 3301 286 3361 nentur
312 3277 481 3364 confi&a
512 3277 582 3362 sub
608 3277 898 3396 Apostolorum
930 3288 1095 3370 nomine

157 3391 273 3497 Aua,
286 3390 1095 3588 arduciuterillaAiiaAndreae,quaeolim
1161 3413 1167 3424 '

156 3501 343 3590 &Manio
374 3509 439 3592 nis
467 3501 599 3592 aliisue
628 3507 841 3594 Haereticis
867 3505 1095 3596 adulterata

153 3610 268 3702 bfuiffe
288 3618 473 3706 diximus.
1144 3625 1145 3632 ‘

183 3777 293 3840 *Tom
310 3797 338 3838 ι.
350 3776 441 3840 Conc-
453 3793 518 3861 pag.
536 3784 619 3851 ¹256.
631 3795 684 3844 eet.
696 3797 725 3848 7·
799 3791 801 3795 ’

805 3855 937 3976 Ppiij
