2896 4562
270 371 497 486 Ecclefiastic.
517 369 687 456 Codicum
704 370 983 477 corruptoribus.
1033 399 1101 484 595

161 483 453 572 Ecclesrasticos
467 488 534 570 vix
546 482 672 568 ullum
688 479 763 582 effe
780 482 902 600 paulis
917 481 1102 568 illustrio-
1220 569 1226 582 ,

120 647 123 652 -
163 626 275 703 rem,
295 595 365 684 sub
385 598 496 708 cujus
515 599 680 680 nomine
698 594 814 710 plura
832 622 957 712 opera
974 595 1104 711 spuria
1142 701 1149 718 ,

161 709 421 826 postmodum
439 735 524 795 non
571 708 786 802 rodierint„
807 709 933 819 Cujus
960 715 1048 814 rei,
1075 709 1104 797 fi

162 821 316 944 rreceffe
333 821 442 906 foret
462 890 473 927 ‚
491 737 647 906 iminica
671 818 949 936 proferrentur
966 847 1103 909 exem-

162 936 255 1051 pla:
279 935 422 1023 verirm
449 962 512 1023 res
529 933 599 1019 iila
615 937 673 1019 ita
691 932 802 1018 clara
818 933 900 1041 est,
916 958 962 1017 ut
980 939 1104 1019 etiam

163 1049 288 1134 oeulis
299 1047 435 1160 subjici
444 1047 734 1162 poris-‚quippe
744 1069 926 1132 veterum
938 1050 1110 1132 Parrum·

162 1188 289 1275 opera
310 1160 432 1274 vulg&
452 1158 504 1244 ab
534 1158 766 1245 Editoribus
793 1163 941 1246 intres
971 1159 1105 1244 claffes
1227 1181 1230 1184 ’

164 1273 479 1378 distribuuntur,
502 1299 673 1386 quarum
699 1277 829 1388 prima
849 1279 1044 1388 genuinos
1066 1281 1107 1360 δι
1210 1314 1212 1320 ’

165 1410 327 1488 certos,
348 1383 522 1474 secunda
541 1383 708 1490 dubios,
724 1388 845 1470 tertia
862 1386 1010 1501 spurios
1030 1385 1103 1470 Ρα-

164 1521 272 1584 trum
291 1496 415 1586 foerus
437 1501 622 1584 continet
641 1533 649 1580 r
667 1496 742 1580 hos
760 1521 897 1584 autem
916 1497 1106 1614 posterio-

164 1638 227 1694 res
252 1612 305 1698 ad
328 1610 482 1696 calcem
511 1609 726 1706 voluminis
753 1614 796 1694 in
823 1611 1105 1727 Appendicem

128 1757 130 1764 ·
165 1725 332 1833 rejicere
352 1752 441 1814 mos
461 1723 526 1810 est.
551 1720 660 1806 erm
681 1727 803 1916 iffiitur
825 1727 868 1811 in
894 1749 1105 1839 comperto

165 1836 240 1937 srt,
256 1836 406 1921 multos
428 1834 504 1924 effe
520 1833 645 1919 libros
665 1834 704 1917 su
755 1838 919 1920 Petrum
937 1840 1108 1919 nomini-

78 2023 81 2034 .
165 1948 238 2032 bus
256 1949 574 2065 vulgatos,qu0s
589 1970 725 2030 tamen
738 1947 860 2066 plane
872 1945 1021 2065 spurios
1032 1946 1107 2034 effe

166 2061 347 2145 constat:
369 2059 504 2173 siquis
522 2083 609 2144 tarn
632 2085 786 2146 certam
805 2129 817 2168 ,
836 2070 1002 2174 tamque
1022 2087 1107 2146 ma·

162 2172 347 2260 nifestam
366 2178 579 2258 veritatem
597 2171 782 2257 confiteri
808 2201 916 2259 nunc
937 2173 1024 2258 refu
1052 2179 1110 2259 iat

163 2286 247 2372 hoc
270 2311 376 2372 vano
401 2310 629 2482 ffraetextu,
658 2312 709 2370 ne
739 2286 836 2370 inde
863 2286 999 2400 aliqua
1022 2201 1109 2373 falfi

425 2398 534 2484 ibros
556 2400 723 2499 Parrum
740 2403 936 2515 genuinos
956 2401 1109 2488 derive-

165 2535 232 2594 tur
252 2539 300 2598 ac
321 2511 517 2626 profluat:
536 2510 728 2596 ridebunt
750 2501 890 2596 orssnes
913 2513 1109 2623 ejusmodi

165 2651 314 2706 vanum
332 2627 547 2725 timorem,
566 2632 605 2706 &
626 2627 743 2706 variis
769 2627 1015 2733 argumentis
1037 2625 1107 2708 de-

164 2732 469 2832 monstrabunt,
498 2732 751 2820 firmisfimam
782 2732 884 2817 stare
912 2739 1138 2848 genuino-'

163 2877 253 2932 rum
268 2873 436 2963 operum
447 2845 912 2950 au&oritatem,etiamsr
922 2873 1007 2932 non
1016 2875 1111 2962 pau-

166 2989 215 3044 ca
233 2959 362 3076 spuria
379 2956 454 3048 effe
476 2957 585 3044 ultrb
604 2957 876 3073 agnoscamus.

164 2397 329 2516 suspicio
349 2404 391 2482 in

225 3071 369 3162 Iisdem
391 3096 527 3158 autem
553 3072 675 3185 plane
704 3072 926 3172 rationibus
952 3073 1109 3160 ostendi
1183 3135 1187 3158 ,
1278 3051 1283 3060 ’

166 3185 440 3302 potest‚suam
455 3189 622 3302 integris
638 3189 800 3272 Petrum
815 3185 1000 3302 operibus
1015 3215 1108 3270 con·
1141 3227 1144 3234 ·

168 3299 315 3386 servari
346 3302 626 3392 auiioritatem
647 3299 699 3382 ab
729 3303 797 3402 iis,
820 3303 888 3414 qui
913 3299 1110 3382 nonnufla

134 3419 148 3452 ⁶
167 3413 335 3504 Petrum
352 3438 476 3527 opera
492 3409 543 3497 ab
554 3415 767 3498 Haereticis
779 3409 1007 3497 adulterata
1021 3411 1108 3511 fuiss

167 3524 206 3612 se
227 3525 492 3612 contendunt.
516 3525 610 3608 Uno
631 3523 917 3628 verb9,nemo
932 3525 1001 3612 nifi
1024 3555 1109 3606 om-

167 3645 227 3722 nis
247 3639 435 3724 doerinae
460 3637 569 3722 rudis
593 3665 644 3724 ne
673 3644 801 3722 averit
829 3637 958 3722 multa
985 3665 1110 3753 opera

168 3751 354 3836 Patribus
383 3747 493 3846 fuisse
517 3748 620 3834 falsis
645 3665 869 3867 imposne:
897 3777 1019 3852 nemo
1047 3777 1107 3855 ts·

834 3867 907 3978 Pp
926 3867 951 3970 ij
