3012 4574
337 334 399 408 312
576 316 642 392 De
657 306 837 388 veteribus
855 319 1061 390 Haerericr's

287 442 310 480 ’³
337 442 378 512 te
394 413 526 500 emiffe
548 416 686 500 dicito.
720 423 764 503 N
769 449 822 499 on
842 424 948 501 enirn
970 420 1274 512 damnationem

287 556 312 593 >³
336 553 448 611 tuam
480 536 715 641 quaerimus,
744 530 811 613 sed
837 530 1149 619 conversionem.
1184 534 1274 615 Me-

288 669 312 704 »
336 640 410 722 lius
430 641 507 754 est,
531 667 576 724 ut
599 669 643 726 tn
663 649 879 748 erraveris,
933 644 1025 725 uim
1047 667 1092 726 ut
1112 647 1275 756 Martyr

287 782 313 820 ¹³
337 755 705 839 Haereticusfuerit.
732 673 1275 870 Interimdepraesenticom-

287 897 312 933 ‘³
335 867 440 980 pede
457 892 677 980 utcumque
708 895 803 951 erue
821 869 979 983 pedem.
1001 874 1049 951 In
1067 867 1202 950 futuro
1217 868 1273 976 ju.

286 1010 312 1047 ¹³
336 979 443 1061 dicio
464 1005 508 1061 tu
528 981 697 1078 videris,
718 982 817 1094 quid
834 981 888 1064 ad
910 985 1104 1094 Martyris
1130 1003 1273 1062 contra

284 1120 310 1161 ‘³
336 1090 466 1179 teres
485 1094 636 1174 ondeas
655 1098 936 1207 querimonias.

389 1235 419 1310 5.
445 1121 638 1318 ssenique
656 1205 852 1291 Rufinum
869 1234 912 1290 re
927 1207 1010 1323 ipsi
1029 1233 1145 1290 reum
1163 1198 1273 1287 fuiffe

331 1315 513 1418 fraudis,
543 1319 654 1426 cujus
678 1319 729 1400 ab
756 1323 916 1403 Hieron
947 1349 1015 1403 mo
1045 1313 1272 1419 accusatur,

332 1428 433 1510 mihi
448 1433 616 1515 omnino
636 1429 846 1544 persuadet
862 1350 944 1545 ipd
963 1430 1101 1517 Rufini
1115 1425 1273 1542 respon-

331 1539 399 1623 fio.
416 1543 669 1656 Argumenta
687 1546 818 1648 enim,
869 1544 982 1626 uibus
1001 1544 1106 1627 adeo
1128 1538 1294 1658 presiusv

331 1658 428 1743 &in
447 1659 599 1736 areium
618 1657 819 1763 conjenus
879 1682 987 1760 erat,
1007 1657 1085 1769 qui
1104 1653 1273 1738 tandem
1328 1733 1339 1749 „

330 1772 489 1850 ratione
505 1766 714 1852 confutat?
744 1768 906 1876 Objeui
922 1771 1096 1850 criminis
1110 1772 1176 1849 vix
1192 1793 1273 1850 me-

330 1876 482 1962 miniffe
502 1881 648 1988 audet3
670 1909 909 1997 argumenta
927 1881 1024 1966 veri>
1042 1880 1185 1995 quibus
1201 1882 1273 1960 cri⁴

330 2020 424 2090 men
465 1994 651 2090 robatum
664 1995 817 2098 fuerat,
841 2023 892 2080 ue
907 1999 1071 2109 attingit
1116 1993 1274 2082 uidem:¹

281 2129 307 2166 ”
332 2101 397 2185 sed
418 2025 547 2186 eiudir
561 2115 599 2188 δι
619 2106 742 2219 plane
765 2107 986 2190 dissimulat.
1009 2146 1034 2183 ιι
1048 2024 1114 2187 Ad
1136 2105 1270 2205 illam,

282 2239 307 2275 ⁹²
332 2221 530 2326 ²inqnit,
561 2215 815 2296 incusationis
848 2221 930 2324 ejus
964 2215 1270 2324 (Hieronymi)

283 2351 307 2389 ¹³
331 2353 512 2438 partem,
538 2324 776 2438 superfluum
798 2326 957 2408 videtur
971 2325 1036 2407 vel
1052 2324 1269 2437 responde-

282 2462 307 2500 ²³
331 2464 374 2518 re
399 2438 577 2552 aliquid,
597 2436 665 2519 ubi
684 2438 751 2554 pie
766 2447 806 2522 δι
823 2437 1011 2553 religiose
1034 2437 1139 2519 dina
1157 2441 1270 2522 Mar-

280 2574 306 2614 ³³
331 2556 428 2662 tyris
464 2551 681 2665 Pamphili,
712 2579 782 2635 aut
810 2549 911 2634 false
946 2552 1027 2635 dici
1053 2549 1171 2658 vult3
1202 2575 1273 2634 aut

165 2662 168 2668 ’
280 2689 305 2725 ”
329 2667 481 2748 etiamsi
498 2691 593 2748 vera
608 2663 706 2768 smt,
728 2664 950 2781 spernenda
967 2664 1161 2748 decernit.
1194 2667 1272 2748 Cui

281 2781 410 2889 rjam
431 2779 499 2862 iste
522 2775 713 2862 deferat?
741 2786 804 2860 cui
827 2781 906 2888 jam
929 2801 1101 2893 pareat?
1129 2804 1270 2859 omnes

280 2913 307 2954 ‘³
329 2894 436 3006 apud
453 2893 568 2974 istum
586 2891 720 2994 Grati
734 2896 954 3005 Scriptores
968 2895 1124 3004 antiqui
1139 2891 1272 2974 Eccle-

281 3030 306 3066 ‘2
330 3006 466 3090 fiastici
485 3029 732 3106 erraverunt.
763 3007 916 3087 Latinis
940 3003 1043 3086 vero
1089 3004 1272 3084 uomodo

285 3137 308 3174 *²
330 3120 526 3234 deroget,
556 3116 768 3230 quomodo
797 3141 937 3229 carpat
964 3033 1170 3230 fingriios,
1206 3114 1272 3198 vel

281 3253 304 3291 ‘⁵
329 3239 550 3328 Veterum,
576 3231 638 3312 vel
658 3235 702 3314 N
707 3259 900 3332 ovorum,
921 3227 1075 3312 diversa
1096 3226 1180 3338 ejus
1202 3233 1272 3342 qui

176 3393 180 3398 -
281 3369 304 3403 ²³
330 3345 428 3457 legit
452 3341 662 3457 opuscula,
691 3339 955 3459 recognoscit.
993 3340 1071 3424 Sed
1093 3367 1201 3423 nunc
1218 3365 1270 3422 ne

281 3479 306 3516 ‘²
329 3461 533 3570 Martyres
588 3459 723 3538 uidem
751 3456 858 3570 apud
883 3483 976 3539 eum
1004 3451 1157 3536 habere
1180 3453 1268 3569 pos-

280 3591 304 3630 ’2
327 3569 416 3653 sunt
436 3487 588 3684 aliquid
603 3574 848 3654 reverentia.
872 3571 994 3672 Non,
1014 3571 1169 3681 inquit,
1188 3593 1269 3650 cre-

348 3722 360 3751 ·
376 3711 484 3774 inve&
494 3712 543 3776 lib.
556 3733 583 3794 ²:
596 3713 670 3794 apud
683 3713 765 3776 Hier.
778 3729 847 3772 rom.
858 3728 889 3787 4.
898 3729 965 3772 nov.
976 3710 1027 3771 ed.
1037 3727 1103 3792 pag.
1118 3725 1191 3782 44²·
