3020 4564
389 347 457 412 n‘e
611 327 677 410 De
692 316 873 406 ueteribus
891 329 1098 408 Haereticis

387 435 560 556 jufinodi
577 426 687 520 fuiffe
713 433 797 548 ipso
823 437 995 519 Donato
1017 431 1328 552 Carthaginensi

390 554 659 665 antiquiores,
684 572 808 661 atque
824 546 929 630 adeo
948 546 1058 632 illam
1087 553 1196 634 Sacri
1215 551 1329 639 Libri

390 663 629 750 sententiam
651 689 736 742 non
753 652 861 774 posse
885 660 965 744 dici
982 659 1034 744 ab
1052 658 1137 777 ipso
1153 665 1327 748 Donato

391 777 657 860 decurtatam.
684 805 717 858 2.
732 771 997 887 Augustinum
1017 771 1235 888 antequam
1254 805 1327 860 an-

390 894 583 1003 tiquiores
606 887 696 969 illos
725 885 886 968 codices
911 884 1096 991 vidisset,
1135 884 1328 979 accusasse

389 1005 604 1084 Donatum
616 1021 794 1108 tanquam
806 995 1020 1079 violatorem
1037 1001 1157 1082 divini
1170 1000 1305 1111 eloquii
1311 1021 1326 1086 3

388 1113 498 1194 unde
528 1107 772 1224 consequens
807 1110 886 1215 est,
918 1111 1183 1226 Augustinum
1227 1136 1327 1196 tunc

388 1220 644 1327 existimasse,
665 1223 709 1304 id
725 1227 879 1306 crimen
897 1251 972 1306 nec
985 1220 1061 1308 effe
1083 1224 1256 1309 alienum
1274 1225 1327 1308 ab
1405 1281 1417 1294 .

386 1340 548 1464 ingenio
561 1361 609 1416 ac
627 1333 806 1416 moribus
825 1331 1146 1444 Haereticorum,
1165 1343 1205 1421 &
1219 1335 1327 1451 posse

384 1447 464 1530 iliis
483 1447 606 1556 objici
630 1445 777 1559 absque
802 1446 886 1528 ulla
910 1447 1113 1532 sacrorum
1136 1450 1326 1532 codicum

238 1587 245 1618 ¹
384 1562 550 1675 injuria,
564 1581 634 1641 aut
647 1556 956 1642 Catholicorum
968 1555 1200 1644 offenfione.
1224 1565 1327 1646 Non

385 1669 587 1792 ptobaffet
596 1676 717 1787 igitur
726 1671 1043 1766 saniiusDooior
1054 1698 1196 1753 eorum
1208 1700 1328 1788 agen·

387 1785 431 1868 di
440 1790 663 1890 rationem,
683 1786 752 1898 qui
767 1779 1025 1866 conclamant
1035 1781 1225 1897 suspe&os
1237 1785 1326 1868 red·

387 1899 430 1980 di
447 1903 586 1981 Sacros
598 1899 741 1981 Libros
756 1905 796 1980 δι
813 1891 1143 2008 Pyrrhonismum
1165 1895 1323 2004 invehi,

386 2009 523 2121 fiquis
550 2009 722 2092 affirmet
743 2009 795 2090 ab
824 2011 1034 2094 Haereticis
1063 2009 1163 2094 olim
1191 2039 1324 2091 corru-

386 2145 479 2236 ptos
496 2117 573 2202 esse
598 2119 754 2230 aliquot
782 2123 995 2200 Sacrorum
1024 2119 1241 2203 Librorum
1258 2148 1326 2198 co.

387 2233 519 2335 dices,
546 2238 586 2314 ὃ(
614 2229 808 2312 violatam
834 2227 885 2309 ab
912 2229 989 2310 illis
1017 2232 1142 2312 diuini
1173 2229 1324 2344 eloquii

253 2338 261 2350 ’
386 2347 673 2457 integritatem.

644 2695 861 2784 Cnrur
921 2697 1070 2783 XIII.

315 2921 321 2938 “
385 2912 456 2999 'Ab
486 2921 648 2996 Arrana
675 2930 850 3014 corruptos
878 2903 942 3014 effi‘
973 2917 1097 2993 Sacrae
1130 2918 1324 3010 Scn'pturae

441 3025 573 3110 codices
581 3022 746 3133 aliquot,
767 3017 815 3117 &
821 3017 1009 3134 stablatum
1020 3015 1082 3129 ff
1097 3019 1186 3102 hunc
1196 3033 1323 3102 Evan-

438 3137 529 3251 gelii
551 3135 695 3238 locum,
725 3141 832 3241 Joan.
858 3162 889 3240 5.
918 3141 954 3217 6.
977 3135 1185 3248 Quoniam
1206 3133 1322 3216 Deus

444 3253 609 3366 Spiritus
626 3245 693 3332 est.
748 3279 749 3282 ‘

521 3475 727 3557 Incmarua
739 3476 781 3556 in
791 3468 966 3554 'trauatu
982 3469 1026 3550 de
1041 3497 1107 3553 non
1117 3485 1216 3557 trina
1227 3483 1322 3562 Dei·

521 3610 599 3666 tate
608 3603 638 3683 ²,
648 3589 909 3700 conqueritur
922 3581 974 3669 de
987 3583 1323 3676 Asianisinhunc

414 3739 524 3798 'Toou
536 3755 562 3799 1.
578 3756 645 3820 pag.
655 3746 727 3810 464.
