3036 4592
352 281 577 405 'Ecclrfiastia
594 285 764 376 Codicum
779 283 1060 396 Compluribus.
1120 309 1168 398 17

187 480 192 486 ,
240 489 242 494 ,
273 397 364 486 laub
394 403 583 518 ⁴ersptetla
600 399 713 510 lunt,
736 409 790 486 im
821 406 919 484 ietas
933 401 1093 514 abjiciat
1114 403 1169 518 ad

239 423 363 598 briem
379 431 685 708 buscifiendam:
703 513 770 599 sed
784 431 860 596 illis
877 513 1013 628 potibs
1028 511 1169 596 abute-

241 649 307 710 tur
332 628 384 710 ad
411 633 474 712 Re
491 632 667 741 igionem
695 626 1024 742 impugnandam.
1063 625 1171 708 Illud

240 767 323 822 non
351 738 441 825 satis
466 736 679 854 providille
706 739 867 821 videtur
885 739 1075 819 Domnus
1095 739 1171 819 Pe-

236 875 321 935 trus
333 851 585 955 Custantius‚
601 851 697 932 cium
712 845 861 962 scripfit
878 845 1069 963 suspeclos
1084 846 1171 933 fieri

234 963 411 1048 Divinos
429 964 602 1070 Libros,
632 960 660 1042 fi
687 975 848 1045 veteres
865 964 1060 1044 Haeretici
1082 957 1171 1041 suos
1265 1048 1269 1054 ‚

146 1143 152 1170 ,
232 1077 252 1156 -i
282 1073 415 1158 sorum
426 1076 587 1160 codices
596 1071 832 1156 adulteralle
844 1073 1042 1182 dicantur.
1055 1075 1170 1184 Nam

239 1103 279 1270 ll
288 1193 346 1270 ita
365 1186 444 1291 est,
471 1210 517 1268 ut
532 1189 592 1266 vir
615 1183 1001 1293 eruditusaffirmat5
1023 1185 1051 1267 li
1071 1209 1169 1282 con·
1282 1183 1287 1200 ‘

237 1295 335 1382 fella
359 1297 478 1381 semel
495 1319 674 1379 veterum
697 1301 994 1380 Haereticorum
1017 1303 1059 1380 in
1078 1327 1169 1383 cor.

238 1407 474 1523 rumpendis
489 1411 696 1492 Sacramm
712 1412 956 1493 Litterarum
970 1437 1085 1494 exem
1116 1408 1169 1496 la

238 1519 349 1601 ribus
364 1519 517 1632 aliquot
529 1520 697 1635 perfidia
715 1523 858 1605 nostris
877 1529 1000 1606 etiam
1019 1439 1168 1604 cocliti-

239 1629 314 1746 bus
329 1629 583 1747 suspicionem
593 1625 679 1718 falfi
691 1638 886 1750 importat
896 1701 908 1738 ‚
919 1655 966 1716 ut
979 1631 1169 1746 ipsecon„

236 1743 388 1834 tendit:
411 1774 493 1860 quo
510 1746 677 1828 tandem
694 1751 811 1860 paolo
832 1744 1069 1826 inviolatam
1086 1741 1171 1826 Dia

238 1861 426 1939 vinorum
464 1857 680 1940 Librorum
720 1859 996 1970 integritatem
1039 1855 1168 1942 mebi.

238 1993 308 2050 tur
319 1991 332 2052 r
343 1972 724 2062 Haereticosomnes
734 1965 788 2050 ab
804 1971 977 2083 impacto
995 1966 1170 2082 ipfiscri-

162 2133 167 2140 -
237 2085 349 2162 mine
368 2077 578 2165 liberabit?
598 2083 663 2163 Sic
679 2105 792 2163 arma
813 2077 1081 2164 subministrat
1093 2085 1169 2162 im.

131 2279 141 2290 ,
236 2197 401 2306 pietati,
418 2215 504 2306 quae
523 2190 649 2308 ipsum
664 2197 800 2276 intam
816 2192 985 2306 angusto
1003 2215 1170 2388 tamque

238 2311 377 2419 iniquo
394 2304 487 2402 loc'o
506 2304 845 2419 posrtuminlinitb
861 2305 1018 2388 testium
1033 2329 1100 2387 mu
1119 2311 1169 2390 ti-

238 2416 380 2505 tudiire
395 2415 551 2501 obruet.
574 2423 665 2503 Nos
681 2444 733 2500 ne
751 2423 791 2499 in
806 2417 929 2502 limile
945 2424 1173 2501 incommo-

236 2533 337 2618 dum
357 2533 627 2613 incurramus:
653 2527 949 2635 &statuemum
968 2533 1079 2642 quod
1101 2557 1171 2614 ve-

237 2674 330 2731 rum
346 2642 434 2749 est3
462 2665 607 2756 nempe
630 2645 738 2724 inter
766 2661 919 2726 veteres
943 2647 1172 2727 Haereticos

235 2753 350 2846 fuiffe
361 2756 493 2870 plures
508 2745 718 2842 Sacrorum
735 2755 936 2838 Codicum
955 2779 1170 2871 corrupto.

233 2901 324 2958 res:
344 2878 385 2954 bc
400 2867 514 2981 quod
530 2865 627 2950 inde
643 2863 746 2949 falsb
769 2867 862 2949 colli
892 2872 994 2972 itur,
1016 2863 1170 2949 summo

231 2983 370 3072 studio
384 2981 628 3092 rejiciamus,
646 2897 1082 3092 demonstrabimusque
1098 2977 1171 3060 fal-

226 3097 358 3190 sarios
376 3093 603 3177 Haereticos
617 3091 824 3174 infamiam
846 3092 916 3177 sibi
933 3091 1079 3176 scelere
1100 3085 1169 3171 suo

221 3206 420 3314 inuffiffe3
442 3207 602 3289 Divinis
623 3204 775 3312 Libris,
823 3229 917 3290 rout
938 3211 979 3288 in
996 3200 1168 3288 Ecclesia

222 3320 457 3412 catholica
484 3317 703 3434 leguntur,
732 3233 885 3402 nubam
909 3313 1167 3432 suspicionem

210 3431 326 3536 falfi
345 3429 545 3550 asperstlse.
