3020 4564
322 323 549 446 wlfiastn.
566 325 737 417 codicum
749 329 1032 436 Comparibus.
1073 349 1149 442 ray

208 467 344 560 pretet
365 443 411 526 id
437 443 565 560 ipsum
590 440 933 546 observaverunt,
957 437 1066 526 firrffe
1085 449 1144 526 ni.
1168 469 1196 510 ‘⁸

210 562 357 639 mirum
377 556 596 670 quosdam,
616 563 684 670 qni
708 555 815 637 hanc
840 555 1055 668 Epistolam
1076 555 1145 637 de.
1167 581 1196 622 τι

213 675 494 782 pravaverint,
512 669 721 750 hominem
736 669 759 748 a
774 669 869 748 Deo
887 666 1067 780 separare
1086 697 1149 749 cu·-
1169 693 1198 736 α

212 787 377 895 pientes.

269 898 450 1007 Qrinam
471 891 531 974 illi
563 887 713 972 fuerint
742 885 857 1003 prisci
884 889 1152 1004 Interpretes,

212 1011 284 1119 qui
313 1007 577 1118 depravatam
612 999 722 1084 fuisse
749 1001 799 1082 ab
830 1004 1041 1084 Haereticis
1072 1007 1152 1117 pri-

149 1149 155 1176 *
214 1145 324 1201 mam
342 1120 510 1231 Joannis
527 1112 743 1228 Epistolam
774 1114 982 1219 dixerunt,
1011 1117 1153 1198 Socra.

193 1271 196 1277 ·
212 1247 274 1312 tes
293 1258 376 1310 non
387 1232 538 1342 aperit,
563 1224 727 1310 sednon
750 1250 858 1310 tacet
878 1225 1033 1312 causam
1049 1295 1060 1331 ,
1078 1249 1152 1310 cur

216 1341 260 1422 id
281 1339 403 1423 scelus
423 1341 617 1422 Haeretici
639 1344 958 1453 perpetraverint
976 1389 987 1441 3
1007 1367 1155 1456 nempe

217 1455 316 1562 quia
342 1449 534 1532 volebant
556 1450 763 1533 hominem
791 1450 814 1533 a
842 1453 939 1535 Deo
961 1449 1154 1566 separare.

215 1569 359 1676 Quare
377 1591 460 1643 non
480 1568 623 1645 mirum
645 1563 701 1646 est
715 1563 767 1646 ab
787 1565 848 1646 his
865 1563 1063 1646 sublatum
1081 1561 1157 1647 esse

216 1674 457 1788 potiffimitm
469 1676 576 1758 hunc
596 1675 776 1782 versum3
797 1689 909 1758 amnti
922 1685 1080 1780 Spiritus
1092 1687 1158 1784 qut·

209 1787 335 1900 solvit
346 1790 468 1901 Jefiam
476 1851 490 1887 ,
506 1821 552 1868 ex
563 1797 646 1872 Deo
657 1817 723 1870 non
734 1793 801 1895 est:
850 1814 903 1866 uo
920 1781 1031 1867 versu
1047 1783 1158 1870 suam

217 1897 393 2011 ipsorum
407 1904 658 2012 impietatem
674 1815 883 1978 manifeste
895 1893 1158 2011 proscriptam

215 2005 293 2091 esse
329 2006 563 2092 sentiebant.
601 2008 813 2093 Debuerat
844 2008 925 2091 hoc
960 2009 1158 2126 flagitium

216 2149 302 2203 non
321 2120 447 2205 latere
460 2127 502 2207 N
507 2121 673 2204 estorio:
693 2122 835 2205 verbm
855 2122 1158 2206 vaniffimusho-

215 2262 309 2338 mo,
329 2242 563 2317 &veterum
584 2235 799 2318 Librorum
830 2249 844 2284 ²
874 2259 1155 2352 contemptor,
1347 2325 1350 2332 .

215 2343 524 2459 &despiciebat
555 2345 778 2430 sandiorum
813 2349 979 2430 Parrum
1010 2375 1156 2464 opera,
1227 2381 1230 2386 ·

217 2485 293 2541 nec
319 2463 486 2571 antiqua
513 2463 596 2542 Scri
627 2483 723 2542 turae
746 2460 991 2575 exemplaria
1014 2461 1156 2544 consu.

216 2567 349 2676 lebat,
371 2570 568 2685 inquibus
585 2485 735 2652 ssaudis
756 2572 918 2688 vestigia
936 2573 1158 2687 deprehen-

216 2679 343 2766 disset.
372 2686 461 2764 Fuit
476 2712 573 2806 ergo
589 2681 817 2767 adulterata
828 2687 994 2805 Joannis
1011 2684 1157 2798 Episto-

214 2791 279 2897 sa,
304 2821 388 2875 non
405 2793 455 2876 ab
476 2800 559 2909 ipso
576 2799 619 2877 N
622 2793 791 2901 estorio,
813 2796 880 2879 sed
899 2822 994 2880 ante
1013 2797 1158 2900 Nesto-

215 2911 264 2987 rii
282 2931 490 3020 tempora,
516 2906 566 2989 ab
584 2911 629 2990 iis
646 2912 714 3020 qui
729 2909 845 3024 ipfius
858 2908 1009 2992 Haerefi
1050 2908 1158 2992 ralu-

216 3017 348 3102 serant
371 3065 381 3125 3
411 3019 508 3133 puta*
534 3018 559 3101 a
587 3020 816 3104 Theodoro
848 2937 1158 3214 Mopsuebeno,

217 3155 287 3210 aut
314 3132 338 3213 d
362 3133 556 3216 Diodoro
575 3129 780 3240 Tarsenfi,
807 3155 877 3216 aut
901 3161 925 3215 a
981 3130 1157 3246 ipsorum
1202 3171 1205 3178 Δ

217 3235 392 3348 asseclis,
420 3274 520 3358 quos
548 3270 669 3327 nemo
697 3251 709 3328 i
739 3269 857 3330 norat
891 3245 1100 3328 hominem
1132 3247 1158 3330 a

218 3354 314 3440 Deo
335 3353 522 3468 separasse
538 3361 580 3438 in
595 3275 781 3462 Chrido,
807 3365 846 3442 dt
866 3354 1013 3442 sensisse
1034 3357 1157 3443 alium

217 3461 293 3547 esse
311 3464 452 3550 Filium
470 3497 520 3553 ex
535 3471 630 3553 Deo
643 3470 764 3551 Patre
782 3473 963 3586 genitum
981 3469 1032 3552 ab
1046 3497 1158 3554 aeter.

215 3605 295 3682 no,
316 3575 440 3660 alium
457 3580 667 3667 exsemine
686 3581 828 3667 David
848 3606 970 3698 atque
991 3610 1042 3667 ex
1059 3589 1156 3672 Bea

240 3731 252 3758 ¹
265 3721 344 3784 Soet.
355 3715 422 3780 ibid.
