2896 4562
280 335 507 448 Ecclefiastt'c.
523 337 693 418 Codicum
706 340 987 445 corruptoribus.
1027 345 1106 455 ὅσς’
1167 379 1170 386 ·

170 475 245 532 mae
263 445 534 551 asservantur,
555 445 632 546 effe
649 449 831 532 finceras.

222 565 427 673 Quintum
448 559 678 674 exemplum
698 565 776 642 erit
795 563 997 648 Ambrofii
1015 570 1107 651 Mer

172 671 412 753 diolanensrr
429 679 468 754 &
489 673 622 753 Procli
642 672 1107 790 Constantinopolitani,

172 781 345 896 quorum
370 783 463 865 loca
481 785 666 977 Puaedam
695 783 749 867 ab
765 787 983 903 Acepholis
1008 791 1107 874 Ητ-

169 900 303 979 reticis
319 893 459 983 falsata
500 891 601 978 uiffe
616 897 791 981 traditur
817 903 858 979 in
882 899 1019 1006 libro,
1044 908 1109 986 cui

171 1010 335 1113 titulun,
372 1003 499 1120 o‘ihnrr'r.
530 1013 643 1092 Nam
665 1025 680 1062 ¹
700 1007 770 1092 ubi
796 1011 1028 1098 Ambrofius
1056 1017 1108 1101 de

169 1120 332 1204 Christo
356 1125 455 1206 Deo
475 1130 517 1206 &
539 1120 707 1204 homine
726 1119 900 1208 scribens
920 1124 1106 1234 dixerat,

157 1235 344 1346 firmemus
373 1236 614 1345 dtffirentiam
637 1235 851 1318 divinitatis
881 1235 930 1335 ὠ
958 1235 1108 1323 camir}

166 1349 385 1451 Haeretici,
403 1373 455 1430 ne
477 1345 565 1460 ipsis
589 1346 977 1434 Catholicirantum
1000 1375 1106 1436 tarn-
1130 1391 1133 1396 ¹

167 1485 246 1572 que
270 1458 488 1572 probatum
515 1458 656 1543 testem
686 1459 945 1570 objicerent,
973 1467 1105 1549 verbis

165 1573 247 1683 ejus
266 1576 462 1686 corruptis
475 1569 733 1686 scripserunt,
743 1573 926 1684 servemus
940 1577 1104 1688 differen—
1185 1595 1187 1600 '

162 1698 258 1764 tiam
276 1683 445 1767 leiiionir.
470 1687 532 1768 Sic
558 1690 680 1766 etiam
707 1685 802 1768 crim
834 1684 974 1772 beatus
1003 1690 1104 1778 Pro.

153 1795 246 1877 ‘clus
269 1796 475 1879 Christum
503 1792 651 1909 absque
675 1801 935 1912 corruptione
963 1823 1104 1886 natum

160 1909 256 2013 ess'e,
271 1917 311 1992 δι
328 1915 499 1991 Beatum
513 1909 722 1992 'rhomam
739 1908 977 2023 Apostolum
991 1917 1033 1996 in
1051 1941 1102 1998 eo

159 2019 361 2136 agnoviffe
372 2045 585 2103 naturarum
601 2024 894 2124 conjuntlronem:
911 2025 1000 2110 Ace
1028 2027 1102 2114 ha.

157 2133 187 2216 ii
219 2137 383 2219 mutatis
407 2132 547 2220 Procli
569 2132 699 2218 verbis
726 2130 962 2250 scripserunt
1017 2137 1102 2224 hri.

157 2247 410 2332 stumnatum
423 2241 499 2331 effe
516 2245 1103 2362 nuiiobnoxr'umcorruprioni2&
1168 2272 1173 2285 '

159 2361 333 2445 sanetum
354 2359 563 2444 Thomam
580 2362 622 2441 in
637 2357 801 2441 Christo
818 2391 885 2444 non
897 2363 1101 2477 agnovisse

157 2473 1100 2589 naturarumconjunfflonemNerirmquiaAce-

157 2583 269 2697 phali
298 2583 455 2666 nonnisi
477 2601 619 2694 'pauca
643 2580 845 2665 Ambroiii
882 2593 923 2669 &
963 2589 1099 2672 Procli

157 2695 403 2810 exemplaria
422 2693 600 2802 habuere
626 2697 669 2774 in
695 2694 904 2780 manibus:
921 2695 1098 2814 ipsorum

156 2807 310 2892 sceleris
325 2803 520 2892 memorii
540 2800 775 2888 conservata
791 2806 847 2892 est
861 2809 1028 2922 quidem
1044 2812 1096 2896 ab
1111 2825 1114 2834 '

155 2919 362 3004 Anastafio
383 2923 533 3004 Sinaita
548 2927 558 2998 ὲ
574 2915 779 3001 Ambrosii
808 2921 905 3004 vero
925 2927 966 3007 δι
993 2925 1094 3007 Pro·
1120 2983 1123 2991 «

154 3032 208 3116 cli
232 3057 366 3118 textus
382 3056 432 3118 ex
455 3035 556 3115 veris
584 3037 625 3114 &
649 3036 830 3146 genuinis
853 3035 1091 3152 exemplari.

156 3145 229 3232 bus
246 3141 423 3229 illibat'us
439 3153 480 3228 δι
496 3149 654 3260 integer
672 3144 752 3227 hac
767 3150 810 3230 in
828 3171 945 3264 parte
960 3149 1090 3264 poste.
1174 3253 1182 3258 .

150 3264 262 3343 ritati
280 3254 518 3342 transmiffus
536 3256 602 3341 est.
691 3289 721 3333 ,·

206 3375 343 3487 Atque
364 3372 451 3454 haec
466 3369 650 3485 exempla
670 3363 890 3477 sufficiant,
909 3397 955 3455 ut
970 3373 1088 3460 intel.

152 3486 345 3600 ligamus,
362 3513 435 3567 cur
451 3507 534 3566 non
548 3509 677 3597 pauca
698 3509 749 3568 ex
767 3484 829 3566 his
845 3485 1010 3574 Petrum
1027 3486 1088 3570 lo-

154 3604 230 3702 cis,
245 3627 333 3712 quae
346 3586 399 3682 eh
419 3599 631 3680 Haereticis
649 3595 747 3681 olim
764 3596 984 3714 depravata
1001 3596 1085 3684 fue-

181 3761 192 3788 ·
207 3747 279 3812 Vide
287 3743 370 3830 supra
379 3745 428 3811 lib.
445 3765 469 3804 t..
484 3761 554 3826 part.
565 3743 593 3804 r.
604 3761 664 3824 erp.
679 3760 727 3814 14.
