3020 4564
357 345 583 460 Ecclefic'tstic.
596 349 765 432 Codicum
778 349 1057 454 Comptortbus.
1104 357 1172 461 165

238 453 314 558 iia,
335 455 390 539 ibi
417 461 582 574 Spiritus
598 463 679 543 Dei
698 497 707 542 z
725 467 764 543 δι
790 459 860 541 ubi
884 461 1047 573 Spiritus
1067 465 1173 567 Dei,
1205 485 1231 532 u

236 566 318 650 illic
333 569 506 656 Ecclefitt
524 579 565 655 ὅ(
586 578 716 655 omnis
739 575 891 686 gratia:
918 575 1080 684 Spiritus
1102 603 1169 657 au·
1204 598 1229 636 ⁶·

240 703 322 762 tem
348 687 503 768 vetitas.
534 689 796 798 Quapropter
846 687 886 764 ui
909 709 993 764 non
1009 690 1169 796 partici-
1203 709 1248 756 tt·

235 819 335 905 pant
359 821 474 900 eum,
508 823 639 908 neque
662 797 686 877 i
713 711 898 876 mamiiiis
929 799 1067 876 matris
1096 825 1167 879 nu·
1203 821 1230 861 ‘⁸

234 908 411 988 triuntur
441 911 484 989 in
515 912 673 1012 vitant,
705 933 837 1018 neque
864 910 1093 1020 percipiunt
1118 908 1172 990 de
1203 932 1229 972 ⁸⁸

234 1043 407 1132 corpore
425 1019 574 1103 Christi
617 1018 878 1100 rocedentem
899 1018 1169 1102 nitidiffimum
1202 1045 1228 1084 ⁸⁸

232 1124 419 1214 fontem:
441 1128 510 1215 sed
529 1160 553 1215 e
614 1131 730 1214 diunt
750 1129 820 1212 fibi
844 1131 954 1212 lacus
975 1131 1169 1230 denitur,
1201 1157 1227 1234 ξ·

233 1238 285 1323 de
304 1239 407 1324 foffis
425 1249 656 1328 terrenior&
676 1241 727 1326 de
749 1272 869 1324 coeno
886 1243 1090 1358 putridam
1108 1242 1167 1327 bi.
1200 1267 1227 1310 κ
1322 1315 1324 1322 ,

234 1349 335 1434 bunt
349 1379 510 1465 aquam.

288 1467 352 1546 Ita
363 1469 544 1572 ireneus,
556 1472 622 1581 qui
636 1469 849 1584 postquam
865 1475 1087 1584 generatim
1101 1471 1169 1556 de·

232 1571 400 1661 claravit
423 1582 467 1661 in
494 1581 669 1665 Eceleiio
686 1582 769 1665 sola
787 1580 929 1663 haberi
959 1587 1120 1663 incorru
1150 1639 1169 1654 -

231 1707 318 1769 tum
338 1696 467 1774 omnis
480 1697 657 1776 veritatis
669 1689 856 1791 fontem,
876 1696 1099 1808 agit-etiam
1116 1610 1169 1775 ge

170 1842 172 1846 ·
232 1800 442 1914 scripturis
469 1809 631 1908 Sacris,
696 1803 815 1884 uibus
848 1803 978 1886 sermo
1011 1803 1169 1886 divinus
1216 1819 1220 1830 ’
1274 1803 1278 1808 ’

232 1917 473 1998 continetur.
490 1956 514 1990 ιι
535 1914 617 1998 Ubi
640 1833 893 1996 cbarismata
912 1917 1083 1998 Domini
1095 1941 1168 2030 po·
1198 1959 1225 2000 o

231 2021 306 2104 {ito
322 2022 463 2132 sunt-²,
480 2030 633 2140 inquit,
653 2023 874 2109 ibidiscere
885 2051 1051 2140 oportet
1067 2032 1165 2112 veti·
1198 2073 1224 2114 u

223 2155 391 2218 tatema
418 2139 474 2220 ud
486 2167 586 2251 quos
598 2137 655 2223 est
667 2163 836 2251 ea,quae
847 2137 904 2222 est
922 2137 977 2220 ab
990 2139 1161 2266 Aposto.
1197 2187 1224 2224 «ι

227 2165 702 2356 lis,Eccbfiaesucceffio,
720 2252 812 2336 &id
829 2249 1008 2365 quodest
1027 2257 1163 2336 lanum
1196 2299 1223 2339 ιι

225 2367 267 2442 δι
285 2361 574 2476 irreprobabile
593 2362 924 2467 conversationis,
952 2371 993 2446 δι
1008 2365 1164 2448 inadul-
1197 2410 1223 2450 u

227 2495 401 2557 teratum
434 2483 475 2560 &
508 2475 813 2589 incorruptibile
845 2474 1035 2559 sermonis
1064 2505 1162 2559 con·
1196 2521 1224 2563 «ι

225 2584 311 2668 stat.
322 2623 347 2662 o
369 2589 449 2670 Pro
467 2585 668 2670 constanti
686 2613 784 2702 ergo
806 2593 846 2671 δι
860 2613 936 2700 pro
951 2585 1165 2701 explorato

224 2697 404 2783 babebat
416 2703 607 2797 Irenaeus,
619 2725 704 2780 non
714 2697 823 2812 poffe
832 2698 939 2804 fieri,
957 2724 1003 2781 ut
1025 2703 1093 2892 (poi
1105 2698 1162 2782 le.

224 2815 333 2926 gitur
349 2817 392 2896 in
409 2810 582 2900 Ecclesra
601 2808 730 2893 sermo
757 2812 937 2912 divinus,
960 2811 1040 2894 adu
1058 2836 1163 2895 tera.

224 2948 287 3006 tus
306 2923 634 3036 fit&corruptus.
652 2920 827 3038 idipsum
841 2921 964 3040 pauli>
982 2922 1073 3044 post
1091 2924 1163 3006 do-

222 3059 288 3119 cet
321 3035 451 3121 multb
480 3034 635 3120 clarius.
689 3037 794 3120 Com
851 3059 922 3117 rat
946 3034 1162 3119 Ecciefiatn

222 3169 313 3230 'curn
325 3175 451 3234 uxore
464 3148 611 3254 Lothi,
628 3161 715 3260 quae
731 3154 773 3232 io
821 3173 956 3231 atuam
967 3147 1054 3230 salis
1067 3175 1162 3230 con-

223 3257 334 3343 versa
351 3261 429 3368 est,
448 3271 489 3347 &
511 3263 569 3345 aie
585 3261 601 3310 ¹³
619 3299 643 3337 n
664 3261 901 3367 Ecclesium,
951 3289 1010 3342 uae
1027 3259 1088 3342 est
1105 3256 1161 3343 sal
1193 3291 1218 3336 αι

227 3396 365 3478 tetre,
399 3372 646 3459 subrelistam
669 3369 744 3457 effe
770 3379 812 3458 in
841 3289 1017 3458 curinio
1042 3395 1159 3458 terrae
1192 3407 1218 3450 u
1317 3379 1318 3382 ‘

245 3578 259 3608 ²
273 3573 346 3628 lten.
357 3567 404 3630 lib.
417 3584 447 3636 4.
458 3591 521 3631 nov.
532 3567 605 3630 Edit·
616 3573 667 3629 Pe·
729 3565 744 3606 ⁸
756 3566 828 3629 ibid.
838 3587 904 3630 oet.
916 3567 988 3629 Edit.
1000 3565 1083 3632 Petis.
1094 3589 1161 3653 etp.

219 3647 261 3710 ris
275 3659 335 3729 etp.
351 3659 396 3707 26.
415 3666 478 3730 pag.
490 3659 554 3724 263.
566 3653 664 3710 Oxon.
678 3557 694 3812 ι
709 3665 750 3724 31.
763 3667 829 3731 pag.
842 3657 905 3721 269.
919 3649 1084 3714 Oxonieofie
1094 3670 1158 3734 cap.

220 3747 377 3812 enrag-
394 3743 459 3802 3u·
710 3745 747 3802 51·
759 3745 943 3896 raptis-L
964 3809 1004 3924 ΠΙ,
