2896 4562
344 375 423 476 564
570 375 633 453 De
652 364 832 446 veteribus
850 374 1056 450 Haeretict's

296 518 322 556 η
342 506 404 562 res
424 483 604 592 quamvis
627 475 817 561 scelerato
834 486 873 560 δι
892 477 1073 560 inaudita
1095 477 1273 588 contige-

297 631 323 669 „
343 616 431 694 rat,
451 590 550 672 dolo
568 596 733 705 cognito
751 587 869 672 fallio
888 585 1158 704 deprehensa:
1176 611 1276 671 rete-

296 743 321 780 „
343 701 607 788 &ascelerum
620 702 808 784 machina
847 699 1275 784 otuitemendari.Ad-

294 853 320 892 u
342 815 472 897 hibita
493 821 600 898 enim
613 810 767 897 curatio
784 730 844 897 el
851 811 1148 917 assertionibus,
1167 811 1273 894 satis.

292 964 319 1005 u
341 926 606 1032 faslionibus,
623 935 663 1009 &
682 926 889 1028 omnibus,
904 955 990 1038 quae
1005 931 1183 1008 viventes
1200 951 1275 1040 pro

219 1130 223 1134 ,
293 1079 319 1117 »
341 1041 379 1122 se
400 1038 532 1122 facere
553 1037 721 1154 possunt.
745 1042 858 1123 Nam
884 1042 1033 1120 mortui
1062 1036 1164 1119 nihil
1190 1039 1273 1150 pati

293 1194 318 1232 n
340 1149 529 1234 refutant.
1349 1255 1352 1260 1

395 1268 457 1346 lta
472 1261 639 1360 Rufinus
652 1297 660 1344 :
674 1259 745 1376 qui
761 1261 913 1345 nullum
932 1261 1152 1376 fosli'quod
1166 1289 1272 1344 com-

339 1403 541 1458 memorat
564 1375 704 1458 testem
723 1375 910 1498 appellat.
924 1377 993 1459 Ait
1015 1373 1180 1488 quidem
1196 1373 1270 1455 hu.

335 1489 395 1598 jus
416 1493 654 1598 memoriam
674 1486 727 1569 ad
745 1493 811 1568 lua
830 1511 912 1569 tem
943 1515 1016 1570 ora
1032 1482 1271 1603 perseveras-

337 1595 398 1680 se:
423 1597 490 1682 sed
509 1599 613 1682 istud
636 1599 792 1683 temere
819 1627 867 1680 tc
914 1599 1010 1684 also.
1038 1605 1134 1710 Qua
1158 1599 1210 1682 de
1228 1624 1272 1681 re

338 1714 501 1826 vapulat
520 1713 572 1794 ab
589 1716 845 1824 Hieronymo
858 1779 869 1814 ‚
881 1721 918 1794 ὅ(
941 1713 1142 1796 mendacii
1156 1739 1272 1794 occu-

289 1855 312 1897 u
337 1821 450 1908 satur.
473 1865 498 1901 ιι
517 1830 662 1908 Tantae
684 1829 926 1914 aucloritatis
956 1822 992 1906 se
1023 1841 1189 1938 putav,
1208 1827 1270 1906 in-

161 1944 163 1950 ’
287 1962 311 2010 n
337 1943 424 2048 quit
439 1937 587 2020 sanslus
606 1941 790 2042 Douor,
809 1962 853 2020 ut
871 1967 993 2050 quum
1007 1936 1087 2019 hoc
1106 1936 1271 2020 familia-

287 2085 312 2122 »
335 2049 442 2130 ribus
471 2055 608 2132 narrat
639 2049 871 2154 somnium,
899 2079 1020 2132 nemo
1056 2054 1092 2132 ei
1128 2032 1271 2132 conlra

286 2197 311 2235 u
337 2161 611 2243 Conselsorem
642 2165 702 2264 (S.
726 2160 955 2260 Hilarium)
978 2161 1048 2243 ista
1074 2160 1272 2244 simulanti

285 2307 309 2346 o
333 2271 780 2351 audeatcontradicere.
793 2271 1029 2380 Responde,
1068 2267 1272 2381 uaesozsy-

284 2407 308 2454 u
331 2381 461 2460 nodus
481 2379 503 2460 l
523 2407 601 2492 qua
627 2387 996 2460 excommunicatus
1018 2301 1100 2479 el,
1120 2385 1163 2462 in
1187 2408 1274 2493 qua

284 2529 309 2568 o
333 2490 431 2575 urbe
471 2491 574 2575 fuit?
600 2493 688 2584 ‚Dic
721 2488 1006 2612 Episcoporum
1031 2491 1232 2577 vocabula
1258 2541 1270 2604 3

284 2643 309 2682 u
335 2605 470 2720 profer
499 2603 712 2690 sententias
739 2601 1099 2717 subscriptionum,
1118 2603 1184 2689 vel
1207 2606 1269 2688 di-

284 2759 308 2796 ‚a
333 2719 588 2824 versitatum,
620 2717 682 2800 vel
712 2714 1040 2802 consonantiam:
1066 2719 1170 2801 doce
1200 2725 1270 2831 qui

285 2873 308 2906 n
332 2859 381 2913 eo
403 2861 510 2914 anno
534 2831 726 2913 Consules
745 2827 915 2911 fuerint:
937 2835 1022 2942 quis
1041 2834 1271 2945 Imperator

283 2981 308 3020 o
333 2947 438 3026 hanc
471 2945 677 3057 synodum
705 2939 853 3051 jusserit
881 2939 1143 3056 congregari:
1165 2943 1269 3026 Gal-

283 3095 308 3133 o
331 3057 463 3138 liae-ne
482 3056 641 3136 tantum
665 3053 845 3166 Episcopi
864 3050 1109 3160 fuerint,'an
1127 3063 1167 3137 &
1185 3060 1271 3138 Ita.

283 3207 308 3246 u
330 3169 390 3251 liae
405 3179 443 3251 ὅ(
455 3166 678 3279 Hispanico:
696 3164 808 3245 certe
823 3193 943 3276 quam
955 3164 1009 3247 ob
1028 3164 1185 3251 causam
1200 3171 1273 3282 Sy-

282 3321 306 3357 „
331 3283 460 3363 nodus
479 3301 726 3391 congregata
749 3276 813 3359 sit.'
829 3277 946 3360 Nihil
965 3279 1110 3362 horum
1133 3288 1268 3364 nomi-

284 3436 307 3470 „
332 3423 428 3498 nas,
452 3393 515 3474 sed
547 3396 675 3472 virum
697 3390 1085 3503 eloquentiffimum,
1108 3400 1149 3476 &
1173 3423 1274 3478 con.

284 3548 308 3585 η
330 3499 393 3589 tr'a
424 3509 597 3588 Arianos
628 3506 762 3586 Latini
797 3497 987 3584 sermonis
1020 3502 1191 3611 tubam,
1221 3533 1273 3591 ut

285 3660 307 3695 η
333 3624 556 3733 Origenem
585 3615 803 3719 defendas,
822 3621 1219 3714 excommunicatum
1245 3621 1273 3703 al

357 3759 572 3841 'Apologadn
585 3755 648 3820 Rus.
657 3758 705 3820 lib.
719 3783 745 3821 ι.
755 3779 821 3821 nov.
835 3757 906 3822 edit.
922 3775 993 3822 tom.
1006 3757 1039 3830 ’4.
1051 3779 1117 3844 pag.
1130 3777 1193 3835 415.
