3020 4564
325 309 547 424 Ecclefiastic.
562 311 728 396 Codicum
741 308 1016 417 corruptoribus.
1085 339 1142 418 153

221 415 313 500 libri
334 419 457 505 divini
472 425 553 534 jam
569 449 655 506 tum
672 425 722 507 ab
734 427 850 505 initio
869 419 1060 505 nascentis
1072 426 1144 505 Ec-

221 527 365 638 clefiae,
384 534 531 650 ubique
550 541 728 650 gentium
751 537 842 619 lecti
860 533 968 638 sunt,
990 530 1144 646 scripti,

221 648 514 750 commendati,
534 675 575 730 at
605 677 655 731 ue
668 655 709 730 in
731 654 857 730 varias
874 648 1026 758 linguas
1047 673 1143 725 con-

222 755 330 838 versr.
351 759 469 841 Adeo
485 785 529 842 ut
541 679 658 843 mille
672 757 794 842 ellent
810 759 1003 859 ditiones,
1022 754 1148 836 fibar-

222 859 335 948 baras
349 871 538 981 quasdam
552 895 690 985 gentes
701 874 914 982 exceperis,
925 866 1041 948 nullae
1052 869 1147 948 Pro.

144 1039 147 1046 ,
221 980 378 1084 vinciae,
400 982 519 1064 nullae
540 987 745 1085 civitates,
777 979 905 1063 nullus
918 1006 1056 1174 [pagus
1078 981 1145 1090 qui

218 1088 464 1175 Christianos
481 1095 671 1198 haberet,
702 1092 769 1175 ubi
790 1123 874 1174 non
894 1120 917 1172 a
944 1091 1039 1172 rdule
1057 1089 1143 1174 vol-

217 1227 406 1286 verentur
419 1206 442 1286 ὲ
455 1207 755 1308 Sacerdotibus,
774 1205 1066 1320 explicarentur
1076 1228 1145 1315 po.

214 1313 333 1424 pulo,
359 1316 588 1428 legerentur
610 1323 650 1401 in
669 1315 951 1419 conventibus,
979 1313 1142 1426 suscipe·

213 1449 355 1506 rentur
389 1455 480 1508 cum
525 1429 790 1514 admiratione
829 1437 870 1513 &
907 1431 1142 1512 reverentia.

214 1539 354 1646 Quare
374 1537 400 1620 sr
419 1545 505 1652 quis
523 1546 563 1623 in
580 1570 648 1626 eos
665 1540 861 1626 falsariam
884 1567 1047 1622 manum
1067 1543 1141 1619 im.

211 1651 374 1733 mittete
392 1650 639 1759 attentallet,
663 1685 746 1737 non
763 1658 895 1768 potuit
910 1679 993 1731 non
1010 1651 1142 1738 statim

211 1757 293 1868 ejus
314 1764 530 1878 impostura
556 1772 684 1879 retegi
711 1765 763 1848 ab
792 1770 863 1868 iis,
889 1759 1029 1872 quibus
1047 1757 1139 1840 isto.

208 1899 298 1952 rum
319 1872 511 1957 librorum
537 1878 653 1960 leelio
676 1900 764 1966 erat
789 1872 990 1956 familiaris
1018 1911 1027 1953 ε
1055 1897 1139 1952 non

208 1988 344 2094 potuit
385 2015 485 2066 non¹
506 1992 655 2070 revinci
693 1986 861 2094 audacia
894 1982 1136 2066 lincerorum

206 2096 494 2209 exemplarium
513 2099 782 2185 multitudine.

258 2208 442 2292 Alteram
467 2211 644 2312 eausam,
672 2242 742 2292 cur
761 2238 841 2326 prce
865 2213 1013 2293 caeteris
1030 2210 1132 2292 inte-

138 2396 142 2407 .
202 2323 264 2432 gri
292 2319 367 2404 elle
389 2321 564 2406 debcant
589 2325 701 2408 Libri
723 2327 857 2422 Sacri,
884 2321 993 2405 &ab
1020 2324 1131 2404 omni

202 2437 461 2547 corruptione
475 2440 584 2547 puri,
605 2461 654 2518 ex
671 2436 814 2518 eodem
829 2433 1048 2548 Augustino
1061 2431 1133 2516 dis.

200 2549 350 2627 cimus:
373 2575 518 2660 nempe
534 2553 578 2629 iis
596 2548 779 2629 habitum
798 2548 996 2638 honorem
1016 2551 1054 2626 δι
1073 2569 1132 2626 re-

200 2661 433 2750 verentiam,
458 2699 482 2734 u
503 2663 586 2773 Ego
610 2664 741 2763 enim,
758 2661 889 2770 inquit
910 2673 925 2708 ²
943 2653 1125 2770 Augusti·
1154 2687 1186 2748 u,

197 2795 272 2851 nus
288 2769 340 2850 ad
356 2772 654 2883 Hieronymum
671 2769 864 2874 scribens,
882 2769 1014 2851 fateor-
1033 2766 1126 2848 cha·
1154 2802 1179 2840 ιι

197 2885 308 2964 ritati
328 2907 425 2982 tuae,
444 2880 533 2964 solis
545 2888 600 2964 eis
611 2886 899 2998 scripturarum
917 2880 1127 2989 libris,qui
1152 2914 1178 2953 c·

194 2992 274 3101 jam
295 2995 491 3076 Canonici
510 2995 781 3108 appellantur,
806 2993 928 3076 didici
947 2995 1056 3075 hunc
1074 2995 1123 3071 ti.
1152 3025 1178 3062 a
1248 3095 1250 3100 Ι
1319 3021 1325 3032 ·

196 3131 350 3188 morem
376 3105 575 3190 honorem
608 3133 657 3192 ue
684 3109 870 3210 deferre,
901 3131 946 3188 ut
969 3102 1124 3186 nullum
1152 3137 1177 3177 tr

195 3239 332 3298 eorum
351 3223 553 3302 auctorem
579 3137 792 3304 leribendo
812 3217 965 3332 aliquid
984 3213 1125 3299 etralle
1151 3250 1176 3289 tr

194 3325 403 3411 firmillime
428 3329 603 3416 credam.
635 3335 692 3415 m
711 3334 738 3414 fi
758 3331 909 3443 aliquid
930 3335 972 3411 in
990 3333 1045 3412 eis
1061 3325 1123 3410 of·
1150 3364 1176 3403 u

191 3438 360 3543 fendero
371 3441 666 3558 litteris,‘quod
677 3445 860 3527 videatur
876 3445 1121 3525 contrarium
1148 3475 1173 3516 e«

191 3555 375 3636 veritati:
404 3555 503 3638 nihil
523 3556 632 3640 aliud
658 3555 779 3670 quim
797 3553 1032 3638 mendosum
1052 3582 1173 3636 coe«

222 3693 295 3784 Ἦ».
311 3697 355 3753 82.
367 3686 436 3752 aliis
450 3714 490 3762 190
503 3693 539 3764 ad
549 3693 630 3762 Hier.
642 3713 720 3756 nutu.
733 3711 759 3766 ι.
771 3691 924 3755 nov..Edit.
937 3709 1002 3774 pag.
1017 3707 1075 3762 190.
