3018 4572
372 347 450 432 194
492 369 497 378 ·
616 327 684 404 De
697 319 879 402 veteribus
898 332 1106 405 Haereticis

372 447 476 518 nitar
492 429 601 538 futffi’
628 431 916 514 lamentabiliter
929 436 1126 539 poenite'ndo
1142 431 1313 542 afferuit:

374 547 531 656 siquis,
555 549 743 654 inquam,
768 545 862 627 inde
888 545 1053 660 colligat
1080 537 1315 628 cdterarum

375 655 637 744 Ecclefiarum
660 655 869 782 privilegia
896 657 1066 772 suspecta
1094 657 1168 740 elle
1196 657 1317 740 debe-

278 831 281 843 ·
375 797 441 874 re,
465 768 657 850 ridendus
685 765 780 851 esset
803 771 920 875 lan'e3
945 799 1039 852 nam
1058 772 1127 853 etsi
1155 767 1316 851 sortasse

374 881 586 966 fatendum
622 879 679 961 est
708 883 1083 994 impudentiffimum
1120 884 1317 964 Gerronis

376 995 529 1076 facinus
548 985 719 1104 suspedta
731 992 864 1077 facere
881 997 1077 1077 nonnulla
1095 1023 1144 1077 ex
1161 993 1318 1109 privile-

377 1111 475 1220 giis,
504 1133 592 1217 quae
618 1110 661 1184 iu
688 1109 731 1186 B.
755 1111 944 1189 Audocni
974 1116 1014 1190 ὅ(
1043 1114 1084 1190 B.
1108 1105 1317 1220 Augustini

378 1220 431 1299 de
448 1220 668 1298 Cantuaria
682 1219 861 1302 Ecclesris
880 1218 1143 1303 asservantur:
1165 1248 1248 1302 non
1262 1244 1320 1300 ta·
1375 1245 1380 1254 ·

377 1357 472 1420 men
490 1331 645 1409 idcirco
661 1333 904 1414 conceditur
928 1329 1151 1447 suspicionis
1176 1357 1317 1414 notam

379 1467 614 1523 caeterarum
633 1439 894 1524 Ecclesrarum
925 1447 1140 1560 privilegiis
1166 1443 1242 1528 elle
1258 1449 1319 1526 in-

379 1551 602 1638 ferendam.
629 1553 706 1634 Sed
721 1553 803 1634 hoc
825 1583 950 1634 unum
967 1559 1062 1640 inde
1087 1559 1224 1672 colligi
1252 1585 1321 1670 po-

380 1668 478 1771 test,
503 1692 655 1748 certam
673 1665 837 1779 quidem
860 1697 944 1746 non
961 1669 1099 1751 deberi
1119 1671 1242 1753 fidem
1263 1675 1322 1750 in-

380 1779 606 1862 strumentis
635 1778 740 1883 illis,
769 1809 856 1892 quae
885 1779 1080 1893 impostor
1107 1781 1250 1864 habuit
1277 1787 1321 1864 in

381 1890 447 1974 sua
472 1890 680 2005 potestate.
718 1896 890 2006 Propter
920 1892 1152 1977 sceleratam
1184 1919 1320 1978 autem

382 2009 495 2086 unius
511 2005 685 2084 hominis
699 2005 933 2116 perfidiam,
951 2006 1321 2106 instrumentorum,

341 2173 343 2180 ι
383 2144 470 2228 quae
487 2114 556 2194 ille
575 2143 650 2195 nec
676 2111 864 2226 attigisset
884 2147 1084 2228 unquam,
1113 2145 1189 2200 nec
1208 2111 1321 2198 vidis-

382 2230 463 2323 set,
482 2229 760 2308 aoeloritatem
780 2227 960 2328 elevare,
980 2229 1060 2308 hoc
1077 2227 1208 2338 injusti
1227 2225 1322 2310 esset

384 2340 559 2422 hominis
586 2343 627 2416 δι
651 2339 809 2416 ratione
834 2335 1022 2420 destituti.
1057 2340 1213 2423 Verum
1232 2339 1258 2420 s1
1279 2338 1322 2421 id

384 2443 557 2562 responsi
589 2473 713 2560 genus
740 2473 810 2528 aut
841 2456 1069 2562 argumenti
1099 2451 1178 2534 sme
1204 2449 1324 2564 cujus-
1363 2521 1369 2532 ,

387 2590 509 2676 quam
539 2559 846 2673 reprehenfione
885 2559 1060 2677 usurpari
1086 2563 1240 2678 potest,
1271 2565 1324 2646 ad

387 2671 687 2760 defendendam
730 2679 996 2787 genuinorum
1038 2677 1323 2791 Diplomatum

388 2788 538 2889 fidem3
558 2811 678 2899 peto,
700 2813 824 2898 quare
843 2787 883 2867 id
909 2786 1034 2902 ipsum
1057 2793 1156 2874 mihi
1174 2821 1257 2873 non
1277 2791 1324 2872 li-

356 2975 361 2984 ,
390 2926 481 2984 ceat
508 2900 631 2980 hodie
653 2896 838 3011 usurpare
859 2900 912 2981 ad
940 2901 1240 2987 defendendam
1263 2907 1327 2986 Sa·

347 3075 349 3082 ,
390 3042 552 3096 crorum
576 3013 778 3093 Codicum
798 3017 1101 3099 auctoritatem?

447 3124 760 3210 Elim-nonnulli
775 3126 1061 3209 Haeresrarchae
1073 3132 1226 3240 antiqui
1240 3125 1327 3210 suos

392 3245 603 3325 Sacrorum
633 3235 845 3320 Librorum
867 3241 1049 3343 codiceS‚
1073 3239 1327 3324 additamen-

392 3359 467 3457 tis,
486 3349 799 3434 detractionibus
815 3420 827 3455 ,
850 3353 1195 3436 immutationibus
1213 3361 1328 3438 vitia-

391 3472 546 3552 verint:
574 3494 645 3546 cur
668 3467 793 3580 impia
815 3466 900 3546 haec
928 3462 1177 3549 scelestorum
1195 3471 1327 3550 homi·

393 3609 489 3664 num
504 3575 675 3692 ‘persidia
693 3585 734 3660 ὃ(
757 3575 993 3690 improbitas
1013 3579 1153 3662 nostris
1178 3583 1327 3664 codici·

395 3689 466 3774 bus
493 3715 675 3774 noceat?
714 3687 887 3774 Ecclesia
918 3691 1143 3777 Catholica‘
1167 3697 1327 3778 codices
