2896 4562
369 343 441 425 592
543 331 547 340 '
584 323 649 400 De
669 313 849 416 veteribus
867 323 1073 397 Haereticls
1110 341 1114 350 ·
1179 316 1194 427 J

367 427 559 511 firmitate
578 424 630 508 ab
649 431 694 508 iis
712 424 899 528 detrahi,
922 432 990 538 qui
1007 431 1311 514 Haereticorum

367 543 411 621 in
436 538 623 622 falsandis
642 537 827 623 Patribus
849 536 1011 624 fraudes
1037 536 1234 656 detegunt
1259 571 1314 627 ac

367 650 635 734 manifestant.

419 764 477 848 At
504 767 664 845 inanem
694 760 800 846 hanc
831 761 939 845 suam
967 761 1227 848 formidinem
1259 793 1311 852 ut

363 875 530 959 tandem
547 874 777 990 deponant3
792 873 1047 957 ostendamus
1064 873 1176 957 fluxo
1190 877 1308 962 iliam

363 1015 413 1069 ac
437 986 543 1070 futili
562 985 685 1102 plane
705 990 781 1068 niti
800 985 1078 1069 fundamento.
1103 991 1167 1071 Sic
1191 995 1306 1074 enim

361 1099 422 1184 isti
439 1124 625 1214 arguunt.
644 1101 684 1184 Si
705 1100 970 1202 conceditur,
987 1101 1204 1212 inquiunt,
1229 1131 1302 1186 ve.

360 1233 465 1295 teres
484 1210 680 1324 quosdam
704 1215 930 1298 Haereticos
958 1209 1062 1292 istud
1090 1210 1302 1297 fraudibus

358 1321 432 1405 suis
452 1321 655 1437 perfeciffe
672 1391 682 1428 ‚
701 1346 746 1405 ut
763 1322 960 1407 nonnulla
983 1327 1148 1408 Parrum
1171 1353 1300 1439 opera

357 1439 620 1544 vitiarentur5
639 1434 859 1551 prudenter
877 1462 976 1549 ergo
1001 1433 1123 1540 facit,
1149 1444 1217 1550 qui
1243 1438 1299 1523 src

355 1548 496 1632 Patres
514 1548 638 1664 legit,
655 1574 700 1631 ut
720 1544 874 1662 semper
889 1553 1057 1651 timeat,
1076 1575 1128 1632 ne
1144 1577 1233 1662 quae
1253 1556 1297 1636 in

354 1659 417 1743 his
442 1686 660 1745 occurrunt
685 1660 739 1742 do
771 1661 921 1743 matad
946 1657 1125 1744 Falsariis
1144 1659 1310 1746 inserta·

353 1769 530 1859 fuerintr
554 1774 638 1856 irnd
666 1687 845 1862 Ecciefiae
871 1771 1097 1858 Catholicae
1128 1772 1292 1882 hostes,

352 1886 520 1970 Parrum
537 1890 818 1970 auetoritatem
837 1885 1083 1988 uteludant,
1095 1908 1293 2079 fiotemnt

351 2000 498 2085 eodem
516 2001 602 2110 jure
622 1999 896 2103 contendere,
914 1997 1093 2082 additae
1123 2025 1147 2080 e
1167 1999 1192 2080 a
1209 2002 1286 2083 Ca·

350 2111 512 2196 tholicis
527 2139 575 2195 ea
589 2109 671 2228 ipsa
693 2111 811 2217 loca,
831 2110 973 2224 quibus
990 2109 1151 2226 srngulae
1165 2109 1289 2197 haere-

225 2223 227 2230 '
346 2219 403 2306 ses
424 2223 693 2336 configuntur.

401 2337 459 2420 At
481 2335 613 2451 primo
637 2319 709 2418 ista
731 2341 800 2530 ‹Lui
825 2336 1047 2448 objiciunt,
1066 2333 1286 2422 meminiffe

345 2445 524 2553 debent,
541 2447 723 2562 regulam

343 2561 496 2678 misque
523 2565 766 2676 argumentis
788 2559 1029 2665 stabilitam,
1049 2589 1096 2644 ut
1124 2589 1175 2646 ne
1193 2569 1282 2676 quis

343 2673 447 2766 liber
464 2673 727 2789 interpolatus
741 2674 922 2778 dicatur,
939 2672 1013 2757 niii
1028 2673 1082 2759 de
1095 2677 1281 2789 interpo-

340 2786 514 2895 latione,
531 2787 593 2871 vel
615 2787 820 2874 certiffima
837 2792 995 2871 ratione
1013 2785 1193 2894 constet,
1212 2790 1280 2873 vel

336 2900 490 2983 idoneo
507 2903 660 3012 antiqui
686 2902 896 3015 Scriptoris
914 2895 1154 2985 testimonio.
1171 2905 1278 3018 Qua:

339 3011 524 3138 regulasr
549 3009 807 3118 observatur,
835 3013 915 3124 jam
936 3010 1091 3096 nullum
1118 3018 1277 3125 pericu-

338 3124 422 3207 lum
443 3125 523 3231 est,
542 3151 593 3210 ne
613 3127 808 3210 Haeretici
832 3126 971 3210 dicant
985 3128 1029 3208 in
1049 3121 1172 3206 libros
1196 3127 1225 3208 P
1257 3187 1273 3199 .

334 3264 501 3322 trumea
516 3235 858 3322 effeaiCatholicis
878 3234 1202 3322 invenafraudul
1258 3299 1277 3312 .

333 3374 399 3434 ter
427 3351 543 3454 loca,
563 3340 705 3464 q'uibus
723 3348 888 3435 haereses
915 3353 1196 3465 impugnamus
1220 3379 1274 3434 ac

253 3515 256 3524 ι
332 3467 523 3548 nouitatis
534 3467 819 3547 convincimus.
832 3459 1076 3575 Hujusmodi
1087 3466 1194 3546 enim
1206 3489 1274 3546 ac-

331 3578 501 3682 cusano,
514 3575 581 3661 nisr
599 3583 794 3664 Veterum
815 3579 1075 3679 auctoritate,
1090 3598 1160 3657 aut
1179 3601 1267 3658 cer.

331 3689 373 3772 tri
391 3689 470 3773 alra
487 3693 646 3775 ratione
668 3693 841 3795 nitatur,
862 3687 1080 3801 rejicienda
1103 3685 1160 3772 est
1179 3709 1271 3772 tan·

1141 3827 1266 3915 quam

774 2475 849 2530 ane
874 2445 951 2532 effe
979 2449 1193 2555 statutam,
1215 2449 1280 2533 fir·
1412 2473 1413 2500 ¹
