<?xml version="1.0" encoding="UTF-8"?>
<!DOCTYPE html PUBLIC "-//W3C//DTD XHTML 1.0 Transitional//EN"
    "http://www.w3.org/TR/xhtml1/DTD/xhtml1-transitional.dtd">
<html xmlns="http://www.w3.org/1999/xhtml" xml:lang="en" lang="en">
 <head>
  <title>
</title>
<meta http-equiv="Content-Type" content="text/html;charset=utf-8" />
  <meta name='ocr-system' content='tesseract 3.04.00' />
  <meta name='ocr-capabilities' content='ocr_page ocr_carea ocr_par ocr_line ocrx_word'/>
</head>
<body>
  <div class='ocr_page' id='page_1' title='image "./deveteribushret00germgoog_0140.png"; bbox 0 0 3020 4564; ppageno 0'>
   <div class='ocr_carea' id='block_1_1' title="bbox 213 317 1244 3654">
    <p class='ocr_par' dir='ltr' id='par_1_1' title="bbox 213 317 1244 3572">
     <span class='ocr_line' id='line_1_1' title="bbox 331 317 1151 514; baseline -0.004 -109"><span class='ocrx_word' id='word_1_1' title='bbox 331 318 557 514; x_wconf 52' lang='lat' dir='ltr'>scclziastsc.</span> <span class='ocrx_word' id='word_1_2' title='bbox 573 318 744 404; x_wconf 75' lang='lat' dir='ltr'><em>Codicum</em></span> <span class='ocrx_word' id='word_1_3' title='bbox 754 317 1037 426; x_wconf 74' lang='lat' dir='ltr'>eonoporibns.</span> <span class='ocrx_word' id='word_1_4' title='bbox 1083 345 1151 426; x_wconf 79' lang='lat'>119</span> 
     </span>
     <span class='ocr_line' id='line_1_2' title="bbox 213 424 1154 547; baseline -0.003 -29"><span class='ocrx_word' id='word_1_5' title='bbox 213 441 339 518; x_wconf 68' lang='lat' dir='ltr'>Deum</span> <span class='ocrx_word' id='word_1_6' title='bbox 365 446 420 518; x_wconf 72' lang='lat' dir='ltr'>rs·</span> <span class='ocrx_word' id='word_1_7' title='bbox 443 445 509 514; x_wconf 74' lang='lat' dir='ltr'>um</span> <span class='ocrx_word' id='word_1_8' title='bbox 533 431 760 547; x_wconf 69' lang='lat' dir='ltr'>sprotalmr</span> <span class='ocrx_word' id='word_1_9' title='bbox 784 424 861 514; x_wconf 82' lang='lat' dir='ltr'>effe</span> <span class='ocrx_word' id='word_1_10' title='bbox 887 433 1154 545; x_wconf 71' lang='lat' dir='ltr'>pwgmrumt</span> 
     </span>
     <span class='ocr_line' id='line_1_3' title="bbox 214 543 1154 656; baseline -0.005 -27"><span class='ocrx_word' id='word_1_11' title='bbox 214 556 352 644; x_wconf 71' lang='lat' dir='ltr'>Patre,</span> <span class='ocrx_word' id='word_1_12' title='bbox 379 569 556 656; x_wconf 78' lang='lat' dir='ltr'>quarem</span> <span class='ocrx_word' id='word_1_13' title='bbox 584 557 708 630; x_wconf 85' lang='lat' dir='ltr'>Pater</span> <span class='ocrx_word' id='word_1_14' title='bbox 726 555 885 650; x_wconf 77' lang='lat' dir='ltr'><em>Spiritus</em></span> <span class='ocrx_word' id='word_1_15' title='bbox 909 549 965 649; x_wconf 84' lang='lat' dir='ltr'>est.</span> <span class='ocrx_word' id='word_1_16' title='bbox 995 543 1154 626; x_wconf 77' lang='lat' dir='ltr'>Verum</span> 
     </span>
     <span class='ocr_line' id='line_1_4' title="bbox 217 653 1154 770; baseline -0.005 -30"><span class='ocrx_word' id='word_1_17' title='bbox 217 663 427 770; x_wconf 83' lang='lat' dir='ltr'>quominus</span> <span class='ocrx_word' id='word_1_18' title='bbox 440 656 484 738; x_wconf 91' lang='lat' dir='ltr'>id</span> <span class='ocrx_word' id='word_1_19' title='bbox 503 657 701 741; x_wconf 86' lang='lat' dir='ltr'>affirmare</span> <span class='ocrx_word' id='word_1_20' title='bbox 712 655 860 760; x_wconf 83' lang='lat' dir='ltr'>aufim,</span> <span class='ocrx_word' id='word_1_21' title='bbox 876 653 977 736; x_wconf 92' lang='lat' dir='ltr'>illud</span> <span class='ocrx_word' id='word_1_22' title='bbox 1000 653 1154 762; x_wconf 73' lang='lat' dir='ltr'>obstac,</span> 
     </span>
     <span class='ocr_line' id='line_1_5' title="bbox 217 768 1156 881; baseline -0.004 -31"><span class='ocrx_word' id='word_1_23' title='bbox 217 769 328 881; x_wconf 91' lang='lat' dir='ltr'>quod</span> <span class='ocrx_word' id='word_1_24' title='bbox 350 770 486 852; x_wconf 91' lang='lat' dir='ltr'>locum</span> <span class='ocrx_word' id='word_1_25' title='bbox 516 768 631 851; x_wconf 90' lang='lat' dir='ltr'>illum</span> <span class='ocrx_word' id='word_1_26' title='bbox 650 795 701 851; x_wconf 85' lang='lat' dir='ltr'>ex</span> <span class='ocrx_word' id='word_1_27' title='bbox 726 771 857 881; x_wconf 89' lang='lat' dir='ltr'>capite</span> <span class='ocrx_word' id='word_1_28' title='bbox 887 771 1010 849; x_wconf 86' lang='lat' dir='ltr'>tertio</span> <span class='ocrx_word' id='word_1_29' title='bbox 1029 770 1156 850; x_wconf 85' lang='lat' dir='ltr'>Evan-</span> 
     </span>
     <span class='ocr_line' id='line_1_6' title="bbox 215 877 1157 998; baseline -0.006 -34"><span class='ocrx_word' id='word_1_30' title='bbox 215 880 309 994; x_wconf 85' lang='lat' dir='ltr'>gelii</span> <span class='ocrx_word' id='word_1_31' title='bbox 334 885 503 998; x_wconf 87' lang='lat' dir='ltr'>Joannis</span> <span class='ocrx_word' id='word_1_32' title='bbox 527 878 781 993; x_wconf 90' lang='lat' dir='ltr'>desumptum</span> <span class='ocrx_word' id='word_1_33' title='bbox 805 877 999 991; x_wconf 85' lang='lat' dir='ltr'>nusquam</span> <span class='ocrx_word' id='word_1_34' title='bbox 1025 880 1157 989; x_wconf 86' lang='lat' dir='ltr'>reperi</span> 
     </span>
     <span class='ocr_line' id='line_1_7' title="bbox 214 989 1157 1186; baseline -0.002 -114"><span class='ocrx_word' id='word_1_35' title='bbox 214 993 323 1106; x_wconf 85' lang='lat' dir='ltr'>apud</span> <span class='ocrx_word' id='word_1_36' title='bbox 349 997 486 1078; x_wconf 82' lang='lat' dir='ltr'>Patres</span> <span class='ocrx_word' id='word_1_37' title='bbox 505 995 685 1076; x_wconf 75' lang='lat' dir='ltr'>Graecos.</span> <span class='ocrx_word' id='word_1_38' title='bbox 715 995 853 1104; x_wconf 80' lang='lat' dir='ltr'>Qtare</span> <span class='ocrx_word' id='word_1_39' title='bbox 871 989 1157 1186; x_wconf 60' lang='lat' dir='ltr'>‹pando-nam</span> 
     </span>
     <span class='ocr_line' id='line_1_8' title="bbox 216 1101 1158 1206; baseline 0.001 -22"><span class='ocrx_word' id='word_1_40' title='bbox 216 1103 329 1188; x_wconf 89' lang='lat' dir='ltr'>locus</span> <span class='ocrx_word' id='word_1_41' title='bbox 348 1105 417 1188; x_wconf 88' lang='lat' dir='ltr'>ille</span> <span class='ocrx_word' id='word_1_42' title='bbox 437 1104 489 1186; x_wconf 90' lang='lat' dir='ltr'>de</span> <span class='ocrx_word' id='word_1_43' title='bbox 512 1129 626 1187; x_wconf 86' lang='lat' dir='ltr'>textu</span> <span class='ocrx_word' id='word_1_44' title='bbox 652 1105 800 1186; x_wconf 85' lang='lat' dir='ltr'>Graeco</span> <span class='ocrx_word' id='word_1_45' title='bbox 821 1101 890 1186; x_wconf 87' lang='lat' dir='ltr'>sub</span> <span class='ocrx_word' id='word_1_46' title='bbox 907 1128 995 1188; x_wconf 85' lang='lat' dir='ltr'>atus</span> <span class='ocrx_word' id='word_1_47' title='bbox 1011 1101 1158 1206; x_wconf 83' lang='lat' dir='ltr'>fiterit,</span> 
     </span>
     <span class='ocr_line' id='line_1_9' title="bbox 216 1212 1158 1327; baseline -0.004 -29"><span class='ocrx_word' id='word_1_48' title='bbox 216 1245 303 1298; x_wconf 89' lang='lat' dir='ltr'>non</span> <span class='ocrx_word' id='word_1_49' title='bbox 326 1214 444 1308; x_wconf 87' lang='lat' dir='ltr'>facile</span> <span class='ocrx_word' id='word_1_50' title='bbox 470 1215 527 1298; x_wconf 87' lang='lat' dir='ltr'>est</span> <span class='ocrx_word' id='word_1_51' title='bbox 561 1214 739 1298; x_wconf 86' lang='lat' dir='ltr'>definire.</span> <span class='ocrx_word' id='word_1_52' title='bbox 778 1215 1010 1300; x_wconf 83' lang='lat' dir='ltr'>Ambrosius</span> <span class='ocrx_word' id='word_1_53' title='bbox 1039 1212 1158 1327; x_wconf 88' lang='lat' dir='ltr'>suspi-</span> 
     </span>
     <span class='ocr_line' id='line_1_10' title="bbox 219 1323 1160 1412; baseline 0 -4"><span class='ocrx_word' id='word_1_54' title='bbox 219 1353 335 1410; x_wconf 85' lang='lat' dir='ltr'>catur</span> <span class='ocrx_word' id='word_1_55' title='bbox 365 1325 545 1410; x_wconf 89' lang='lat' dir='ltr'>deletum</span> <span class='ocrx_word' id='word_1_56' title='bbox 569 1333 690 1410; x_wconf 91' lang='lat' dir='ltr'>etiam</span> <span class='ocrx_word' id='word_1_57' title='bbox 716 1323 825 1412; x_wconf 83' lang='lat' dir='ltr'>fuille</span> <span class='ocrx_word' id='word_1_58' title='bbox 850 1327 901 1410; x_wconf 88' lang='lat' dir='ltr'>ab</span> <span class='ocrx_word' id='word_1_59' title='bbox 932 1329 1091 1410; x_wconf 87' lang='lat' dir='ltr'>Arianis</span> <span class='ocrx_word' id='word_1_60' title='bbox 1115 1331 1160 1408; x_wconf 89' lang='lat' dir='ltr'>in</span> 
     </span>
     <span class='ocr_line' id='line_1_11' title="bbox 222 1435 1182 1556; baseline -0.002 -36"><span class='ocrx_word' id='word_1_61' title='bbox 222 1441 421 1541; x_wconf 81' lang='lat' dir='ltr'>Oriente,</span> <span class='ocrx_word' id='word_1_62' title='bbox 439 1435 507 1520; x_wconf 85' lang='lat' dir='ltr'>sed</span> <span class='ocrx_word' id='word_1_63' title='bbox 516 1438 618 1522; x_wconf 90' lang='lat' dir='ltr'>istud</span> <span class='ocrx_word' id='word_1_64' title='bbox 628 1447 711 1522; x_wconf 85' lang='lat' dir='ltr'>n&#39;on</span> <span class='ocrx_word' id='word_1_65' title='bbox 723 1440 846 1556; x_wconf 73' lang='lat' dir='ltr'>plane</span> <span class='ocrx_word' id='word_1_66' title='bbox 862 1441 1047 1524; x_wconf 89' lang='lat' dir='ltr'>affirmat.</span> <span class='ocrx_word' id='word_1_67' title='bbox 1074 1442 1182 1522; x_wconf 85' lang='lat' dir='ltr'>Ne...</span> 
     </span>
     <span class='ocr_line' id='line_1_12' title="bbox 222 1547 1162 1661; baseline 0.002 -31"><span class='ocrx_word' id='word_1_68' title='bbox 222 1575 305 1659; x_wconf 89' lang='lat' dir='ltr'>que</span> <span class='ocrx_word' id='word_1_69' title='bbox 324 1549 420 1632; x_wconf 82' lang='lat' dir='ltr'>verb</span> <span class='ocrx_word' id='word_1_70' title='bbox 440 1577 593 1634; x_wconf 90' lang='lat' dir='ltr'>certum</span> <span class='ocrx_word' id='word_1_71' title='bbox 613 1553 690 1657; x_wconf 89' lang='lat' dir='ltr'>est,</span> <span class='ocrx_word' id='word_1_72' title='bbox 706 1579 776 1635; x_wconf 84' lang='lat' dir='ltr'>aut</span> <span class='ocrx_word' id='word_1_73' title='bbox 790 1547 959 1636; x_wconf 82' lang='lat' dir='ltr'>extitiffe</span> <span class='ocrx_word' id='word_1_74' title='bbox 980 1577 1162 1661; x_wconf 88' lang='lat' dir='ltr'>unquam</span> 
     </span>
     <span class='ocr_line' id='line_1_13' title="bbox 218 1659 1186 1776; baseline 0 -34"><span class='ocrx_word' id='word_1_75' title='bbox 218 1664 262 1742; x_wconf 89' lang='lat' dir='ltr'>in</span> <span class='ocrx_word' id='word_1_76' title='bbox 287 1661 575 1776; x_wconf 80' lang='lat' dir='ltr'>exemplaribus</span> <span class='ocrx_word' id='word_1_77' title='bbox 605 1665 781 1769; x_wconf 85' lang='lat' dir='ltr'>Graecis,</span> <span class='ocrx_word' id='word_1_78' title='bbox 810 1669 945 1746; x_wconf 87' lang='lat' dir='ltr'>autin</span> <span class='ocrx_word' id='word_1_79' title='bbox 975 1659 1186 1742; x_wconf 88' lang='lat' dir='ltr'>omnibus.</span> 
     </span>
     <span class='ocr_line' id='line_1_14' title="bbox 220 1771 1165 1887; baseline -0.004 -31"><span class='ocrx_word' id='word_1_80' title='bbox 220 1775 375 1856; x_wconf 72' lang='lat' dir='ltr'>[aristis</span> <span class='ocrx_word' id='word_1_81' title='bbox 392 1774 489 1856; x_wconf 87' lang='lat' dir='ltr'>olim</span> <span class='ocrx_word' id='word_1_82' title='bbox 511 1771 622 1858; x_wconf 82' lang='lat' dir='ltr'>fuille</span> <span class='ocrx_word' id='word_1_83' title='bbox 643 1773 845 1887; x_wconf 89' lang='lat' dir='ltr'>scriptum.</span> <span class='ocrx_word' id='word_1_84' title='bbox 870 1777 1035 1885; x_wconf 83' lang='lat' dir='ltr'>Quippe</span> <span class='ocrx_word' id='word_1_85' title='bbox 1051 1797 1102 1853; x_wconf 85' lang='lat' dir='ltr'>ex</span> <span class='ocrx_word' id='word_1_86' title='bbox 1118 1773 1165 1853; x_wconf 87' lang='lat' dir='ltr'>iis</span> 
     </span>
     <span class='ocr_line' id='line_1_15' title="bbox 219 1882 1165 2000; baseline -0.006 -30"><span class='ocrx_word' id='word_1_87' title='bbox 219 1886 388 1970; x_wconf 84' lang='lat' dir='ltr'>Pactum</span> <span class='ocrx_word' id='word_1_88' title='bbox 406 1886 667 1988; x_wconf 87' lang='lat' dir='ltr'>testimoniis,</span> <span class='ocrx_word' id='word_1_89' title='bbox 715 1915 774 1967; x_wconf 86' lang='lat' dir='ltr'>uae</span> <span class='ocrx_word' id='word_1_90' title='bbox 799 1883 913 2000; x_wconf 80' lang='lat' dir='ltr'>suprai</span> <span class='ocrx_word' id='word_1_91' title='bbox 933 1882 1165 1988; x_wconf 82' lang='lat' dir='ltr'>retulimus,</span> 
     </span>
     <span class='ocr_line' id='line_1_16' title="bbox 221 1913 1244 2112; baseline 0.003 -34"><span class='ocrx_word' id='word_1_92' title='bbox 221 1995 304 2081; x_wconf 85' lang='lat' dir='ltr'>hoe</span> <span class='ocrx_word' id='word_1_93' title='bbox 331 2025 457 2078; x_wconf 91' lang='lat' dir='ltr'>unum</span> <span class='ocrx_word' id='word_1_94' title='bbox 486 1996 601 2079; x_wconf 84' lang='lat' dir='ltr'>certb</span> <span class='ocrx_word' id='word_1_95' title='bbox 633 1913 770 2111; x_wconf 88' lang='lat' dir='ltr'>colligi</span> <span class='ocrx_word' id='word_1_96' title='bbox 804 1997 964 2112; x_wconf 90' lang='lat' dir='ltr'>potest,</span> <span class='ocrx_word' id='word_1_97' title='bbox 996 1994 1166 2080; x_wconf 85' lang='lat' dir='ltr'>extitiile</span> <span class='ocrx_word' id='word_1_98' title='bbox 1242 2003 1244 2010; x_wconf 76' lang='grc'>’</span> 
     </span>
     <span class='ocr_line' id='line_1_17' title="bbox 220 2104 1166 2222; baseline 0.002 -32"><span class='ocrx_word' id='word_1_99' title='bbox 220 2104 320 2190; x_wconf 93' lang='lat' dir='ltr'>olim</span> <span class='ocrx_word' id='word_1_100' title='bbox 341 2132 426 2193; x_wconf 78' lang='lat' dir='ltr'>tam</span> <span class='ocrx_word' id='word_1_101' title='bbox 453 2113 496 2190; x_wconf 88' lang='lat' dir='ltr'>in</span> <span class='ocrx_word' id='word_1_102' title='bbox 513 2107 719 2193; x_wconf 84' lang='lat' dir='ltr'>codicibus</span> <span class='ocrx_word' id='word_1_103' title='bbox 739 2108 962 2214; x_wconf 86' lang='lat' dir='ltr'>Africanis,</span> <span class='ocrx_word' id='word_1_104' title='bbox 982 2108 1104 2222; x_wconf 75' lang='lat' dir='ltr'>quim</span> <span class='ocrx_word' id='word_1_105' title='bbox 1122 2113 1166 2192; x_wconf 86' lang='lat' dir='ltr'>in</span> 
     </span>
     <span class='ocr_line' id='line_1_18' title="bbox 220 2218 1166 2334; baseline -0.002 -30"><span class='ocrx_word' id='word_1_106' title='bbox 220 2218 296 2304; x_wconf 89' lang='lat' dir='ltr'>illis</span> <span class='ocrx_word' id='word_1_107' title='bbox 324 2249 424 2334; x_wconf 90' lang='lat' dir='ltr'>quos</span> <span class='ocrx_word' id='word_1_108' title='bbox 449 2225 596 2306; x_wconf 84' lang='lat' dir='ltr'>Romae</span> <span class='ocrx_word' id='word_1_109' title='bbox 625 2221 922 2328; x_wconf 83' lang='lat' dir='ltr'>Tertullianus,</span> <span class='ocrx_word' id='word_1_110' title='bbox 955 2223 1087 2306; x_wconf 86' lang='lat' dir='ltr'>Sirmii</span> <span class='ocrx_word' id='word_1_111' title='bbox 1116 2249 1166 2304; x_wconf 90' lang='lat' dir='ltr'>ac</span> 
     </span>
     <span class='ocr_line' id='line_1_19' title="bbox 222 2333 1167 2448; baseline 0 -28"><span class='ocrx_word' id='word_1_112' title='bbox 222 2333 450 2420; x_wconf 85' lang='lat' dir='ltr'>Mediolani</span> <span class='ocrx_word' id='word_1_113' title='bbox 469 2333 626 2448; x_wconf 86' lang='lat' dir='ltr'>legerat</span> <span class='ocrx_word' id='word_1_114' title='bbox 643 2335 875 2418; x_wconf 79' lang='lat' dir='ltr'>Ambrofius</span> <span class='ocrx_word' id='word_1_115' title='bbox 892 2373 902 2417; x_wconf 75' lang='grc' dir='ltr'><strong><em>ε</em></strong></span> <span class='ocrx_word' id='word_1_116' title='bbox 931 2335 983 2417; x_wconf 92' lang='lat' dir='ltr'>de</span> <span class='ocrx_word' id='word_1_117' title='bbox 1000 2335 1085 2417; x_wconf 82' lang='lat' dir='ltr'>aliis</span> <span class='ocrx_word' id='word_1_118' title='bbox 1102 2361 1167 2420; x_wconf 81' lang='lat' dir='ltr'>ve·</span> 
     </span>
     <span class='ocr_line' id='line_1_20' title="bbox 224 2443 1197 2561; baseline 0.003 -35"><span class='ocrx_word' id='word_1_119' title='bbox 224 2443 272 2528; x_wconf 82' lang='lat' dir='ltr'>rb</span> <span class='ocrx_word' id='word_1_120' title='bbox 290 2445 500 2531; x_wconf 88' lang='lat' dir='ltr'>codicibus</span> <span class='ocrx_word' id='word_1_121' title='bbox 517 2446 674 2560; x_wconf 89' lang='lat' dir='ltr'>reliquo</span> <span class='ocrx_word' id='word_1_122' title='bbox 695 2446 796 2530; x_wconf 92' lang='lat' dir='ltr'>orbe</span> <span class='ocrx_word' id='word_1_123' title='bbox 816 2447 1047 2531; x_wconf 88' lang='lat' dir='ltr'>Christiano</span> <span class='ocrx_word' id='word_1_124' title='bbox 1064 2445 1169 2561; x_wconf 86' lang='lat' dir='ltr'>spar-</span> <span class='ocrx_word' id='word_1_125' title='bbox 1195 2517 1197 2522; x_wconf 91' lang='lat'><em>.</em></span> 
     </span>
     <span class='ocr_line' id='line_1_21' title="bbox 224 2555 1170 2672; baseline 0 -32"><span class='ocrx_word' id='word_1_126' title='bbox 224 2555 625 2671; x_wconf 74' lang='lat' dir='ltr'>srsplaneincertum.</span> <span class='ocrx_word' id='word_1_127' title='bbox 653 2561 791 2672; x_wconf 87' lang='lat' dir='ltr'>Atque</span> <span class='ocrx_word' id='word_1_128' title='bbox 802 2559 888 2642; x_wconf 83' lang='lat' dir='ltr'>hacc</span> <span class='ocrx_word' id='word_1_129' title='bbox 902 2555 1064 2641; x_wconf 82' lang='lat' dir='ltr'>forcalle</span> <span class='ocrx_word' id='word_1_130' title='bbox 1077 2587 1170 2640; x_wconf 86' lang='lat' dir='ltr'>cau·</span> 
     </span>
     <span class='ocr_line' id='line_1_22' title="bbox 223 2665 1166 2774; baseline -0.003 -22"><span class='ocrx_word' id='word_1_131' title='bbox 223 2665 263 2752; x_wconf 88' lang='lat' dir='ltr'>sa</span> <span class='ocrx_word' id='word_1_132' title='bbox 279 2670 359 2774; x_wconf 87' lang='lat' dir='ltr'>est,</span> <span class='ocrx_word' id='word_1_133' title='bbox 380 2670 644 2755; x_wconf 86' lang='lat' dir='ltr'>curEcclesra</span> <span class='ocrx_word' id='word_1_134' title='bbox 665 2699 750 2752; x_wconf 88' lang='lat' dir='ltr'>non</span> <span class='ocrx_word' id='word_1_135' title='bbox 774 2673 988 2763; x_wconf 88' lang='lat' dir='ltr'>restituerit</span> <span class='ocrx_word' id='word_1_136' title='bbox 1007 2672 1166 2774; x_wconf 87' lang='lat' dir='ltr'>locum,</span> 
     </span>
     <span class='ocr_line' id='line_1_23' title="bbox 223 2780 1197 2896; baseline -0.002 -32"><span class='ocrx_word' id='word_1_137' title='bbox 223 2780 276 2866; x_wconf 90' lang='lat' dir='ltr'>de</span> <span class='ocrx_word' id='word_1_138' title='bbox 295 2811 377 2894; x_wconf 94' lang='lat' dir='ltr'>quo</span> <span class='ocrx_word' id='word_1_139' title='bbox 395 2809 479 2863; x_wconf 90' lang='lat' dir='ltr'>non</span> <span class='ocrx_word' id='word_1_140' title='bbox 500 2780 588 2865; x_wconf 87' lang='lat' dir='ltr'>satis</span> <span class='ocrx_word' id='word_1_141' title='bbox 609 2782 864 2896; x_wconf 83' lang='lat' dir='ltr'>exploratum</span> <span class='ocrx_word' id='word_1_142' title='bbox 884 2781 1005 2887; x_wconf 83' lang='lat' dir='ltr'>ellet,</span> <span class='ocrx_word' id='word_1_143' title='bbox 1030 2805 1168 2863; x_wconf 88' lang='lat' dir='ltr'>utrum</span> <span class='ocrx_word' id='word_1_144' title='bbox 1193 2853 1197 2862; x_wconf 85' lang='lat'>.</span> 
     </span>
     <span class='ocr_line' id='line_1_24' title="bbox 223 2893 1167 3011; baseline -0.001 -34"><span class='ocrx_word' id='word_1_145' title='bbox 223 2895 321 2978; x_wconf 72' lang='lat' dir='ltr'>verb</span> <span class='ocrx_word' id='word_1_146' title='bbox 351 2898 393 2976; x_wconf 89' lang='lat' dir='ltr'>in</span> <span class='ocrx_word' id='word_1_147' title='bbox 414 2893 683 3008; x_wconf 81' lang='lat' dir='ltr'>antiquillrmis</span> <span class='ocrx_word' id='word_1_148' title='bbox 704 2905 744 2980; x_wconf 73' lang='grc' dir='ltr'>δι</span> <span class='ocrx_word' id='word_1_149' title='bbox 765 2901 1010 3011; x_wconf 84' lang='lat' dir='ltr'>primigeniis</span> <span class='ocrx_word' id='word_1_150' title='bbox 1037 2897 1167 2976; x_wconf 84' lang='lat' dir='ltr'>Evan-</span> 
     </span>
     <span class='ocr_line' id='line_1_25' title="bbox 225 3005 1168 3120; baseline -0.004 -29"><span class='ocrx_word' id='word_1_151' title='bbox 225 3006 318 3120; x_wconf 83' lang='lat' dir='ltr'>gelii</span> <span class='ocrx_word' id='word_1_152' title='bbox 350 3006 644 3120; x_wconf 82' lang='lat' dir='ltr'>exemplaribus</span> <span class='ocrx_word' id='word_1_153' title='bbox 676 3006 874 3092; x_wconf 85' lang='lat' dir='ltr'>extitillet.</span> <span class='ocrx_word' id='word_1_154' title='bbox 910 3013 967 3092; x_wconf 91' lang='lat' dir='ltr'>At</span> <span class='ocrx_word' id='word_1_155' title='bbox 991 3005 1168 3090; x_wconf 91' lang='lat' dir='ltr'>eundem</span> 
     </span>
     <span class='ocr_line' id='line_1_26' title="bbox 228 3116 1167 3234; baseline -0.005 -34"><span class='ocrx_word' id='word_1_156' title='bbox 228 3145 278 3200; x_wconf 84' lang='lat' dir='ltr'>ex</span> <span class='ocrx_word' id='word_1_157' title='bbox 302 3117 480 3234; x_wconf 89' lang='lat' dir='ltr'>pluribus</span> <span class='ocrx_word' id='word_1_158' title='bbox 500 3119 680 3206; x_wconf 76' lang='lat' dir='ltr'>Ecclesia</span> <span class='ocrx_word' id='word_1_159' title='bbox 707 3120 986 3206; x_wconf 89' lang='lat' dir='ltr'>Occidentalis</span> <span class='ocrx_word' id='word_1_160' title='bbox 1015 3116 1167 3201; x_wconf 91' lang='lat' dir='ltr'>codici..</span> 
     </span>
     <span class='ocr_line' id='line_1_27' title="bbox 230 3230 1170 3318; baseline 0 -6"><span class='ocrx_word' id='word_1_161' title='bbox 230 3230 303 3312; x_wconf 92' lang='lat' dir='ltr'>bus</span> <span class='ocrx_word' id='word_1_162' title='bbox 339 3230 494 3316; x_wconf 88' lang='lat' dir='ltr'>erasum</span> <span class='ocrx_word' id='word_1_163' title='bbox 529 3230 637 3318; x_wconf 84' lang='lat' dir='ltr'>foille</span> <span class='ocrx_word' id='word_1_164' title='bbox 675 3231 813 3318; x_wconf 86' lang='lat' dir='ltr'>sacrile</span> <span class='ocrx_word' id='word_1_165' title='bbox 842 3240 883 3316; x_wconf 94' lang='lat' dir='ltr'>io</span> <span class='ocrx_word' id='word_1_166' title='bbox 924 3234 1170 3314; x_wconf 83' lang='lat' dir='ltr'>Asianorum</span> 
     </span>
     <span class='ocr_line' id='line_1_28' title="bbox 229 3263 841 3459; baseline 0.011 -36"><span class='ocrx_word' id='word_1_167' title='bbox 229 3345 369 3454; x_wconf 74' lang='lat' dir='ltr'>apertb</span> <span class='ocrx_word' id='word_1_168' title='bbox 385 3351 626 3459; x_wconf 87' lang='lat' dir='ltr'>pronunciat</span> <span class='ocrx_word' id='word_1_169' title='bbox 641 3263 841 3430; x_wconf 42' lang='lat' dir='ltr'>Ambio?</span> 
     </span>
     <span class='ocr_line' id='line_1_29' title="bbox 230 3453 781 3572; baseline 0.002 -34"><span class='ocrx_word' id='word_1_170' title='bbox 230 3453 284 3538; x_wconf 86' lang='lat' dir='ltr'>de</span> <span class='ocrx_word' id='word_1_171' title='bbox 303 3482 354 3538; x_wconf 89' lang='lat' dir='ltr'>eo</span> <span class='ocrx_word' id='word_1_172' title='bbox 365 3457 446 3565; x_wconf 85' lang='lat' dir='ltr'>jam</span> <span class='ocrx_word' id='word_1_173' title='bbox 466 3458 618 3572; x_wconf 86' lang='lat' dir='ltr'>ambigi</span> <span class='ocrx_word' id='word_1_174' title='bbox 638 3457 781 3571; x_wconf 90' lang='lat' dir='ltr'>potest.</span> 
     </span>
    </p>

    <p class='ocr_par' dir='ltr' id='par_1_2' title="bbox 290 3567 1171 3654">
     <span class='ocr_line' id='line_1_30' title="bbox 290 3567 1171 3654; baseline 0.003 -5"><span class='ocrx_word' id='word_1_175' title='bbox 290 3567 474 3651; x_wconf 72' lang='lat' dir='ltr'>Cerebris</span> <span class='ocrx_word' id='word_1_176' title='bbox 489 3571 541 3652; x_wconf 91' lang='lat' dir='ltr'>de</span> <span class='ocrx_word' id='word_1_177' title='bbox 557 3597 611 3654; x_wconf 90' lang='lat' dir='ltr'>re.</span> <span class='ocrx_word' id='word_1_178' title='bbox 621 3599 705 3653; x_wconf 92' lang='lat' dir='ltr'>non</span> <span class='ocrx_word' id='word_1_179' title='bbox 721 3569 923 3652; x_wconf 89' lang='lat' dir='ltr'>dubitavit</span> <span class='ocrx_word' id='word_1_180' title='bbox 946 3569 1171 3653; x_wconf 83' lang='lat' dir='ltr'>novillimus</span> 
     </span>
    </p>
   </div>
   <div class='ocr_carea' id='block_1_2' title="bbox 232 3678 1172 3911">
    <p class='ocr_par' dir='ltr' id='par_1_3' title="bbox 232 3678 1172 3911">
     <span class='ocr_line' id='line_1_31' title="bbox 232 3678 1172 3884; baseline 0 -118"><span class='ocrx_word' id='word_1_181' title='bbox 232 3678 439 3766; x_wconf 87' lang='lat' dir='ltr'>Ambrofii</span> <span class='ocrx_word' id='word_1_182' title='bbox 459 3683 625 3793; x_wconf 89' lang='lat' dir='ltr'>Editor,</span> <span class='ocrx_word' id='word_1_183' title='bbox 647 3688 717 3800; x_wconf 90' lang='lat' dir='ltr'>qui</span> <span class='ocrx_word' id='word_1_184' title='bbox 733 3683 788 3768; x_wconf 91' lang='lat' dir='ltr'>ad</span> <span class='ocrx_word' id='word_1_185' title='bbox 811 3681 1063 3884; x_wconf 46' lang='lat' dir='ltr'>huncfiiplum</span> <span class='ocrx_word' id='word_1_186' title='bbox 1086 3679 1172 3767; x_wconf 91' lang='lat' dir='ltr'>san-</span> 
     </span>
     <span class='ocr_line' id='line_1_32' title="bbox 980 3825 1034 3911; baseline 0 0"><span class='ocrx_word' id='word_1_187' title='bbox 980 3825 1034 3911; x_wconf 83' lang='lat'>¹¹¹1</span> 
     </span>
    </p>
   </div>
   <div class='ocr_carea' id='block_1_3' title="bbox 0 0 1537 4564">
    <p class='ocr_par' dir='ltr' id='par_1_4' title="bbox 0 0 1537 4564">
     <span class='ocr_line' id='line_1_33' title="bbox 0 0 1537 4564; baseline 0 0"><span class='ocrx_word' id='word_1_188' title='bbox 0 0 1537 4564; x_wconf 95' lang='lat' dir='ltr'> </span> 
     </span>
    </p>
   </div>
   <div class='ocr_carea' id='block_1_4' title="bbox 816 3339 1381 3458">
    <p class='ocr_par' dir='ltr' id='par_1_5' title="bbox 816 3339 1381 3458">
     <span class='ocr_line' id='line_1_34' title="bbox 816 3339 1381 3458; baseline -0.011 -28"><span class='ocrx_word' id='word_1_189' title='bbox 816 3375 894 3453; x_wconf 72' lang='lat' dir='ltr'>rus,</span> <span class='ocrx_word' id='word_1_190' title='bbox 921 3365 1054 3458; x_wconf 88' lang='lat' dir='ltr'>neque</span> <span class='ocrx_word' id='word_1_191' title='bbox 1070 3341 1169 3428; x_wconf 84' lang='lat' dir='ltr'>verb</span> <span class='ocrx_word' id='word_1_192' title='bbox 1246 3431 1252 3442; x_wconf 69' lang='grc'>,</span> <span class='ocrx_word' id='word_1_193' title='bbox 1376 3339 1381 3356; x_wconf 81' lang='lat'>&#39;</span> 
     </span>
    </p>
   </div>
  </div>
 </body>
</html>
