3036 4592
395 305 444 380 aa
627 303 692 382 De
705 293 890 378 veteribus
899 302 1108 382 Haerericis

391 463 1326 566 fflfflfflffibl‘bllffllffl‘bbffi

574 663 605 746 P-
634 661 673 742 A
705 663 745 747 R
776 655 801 744 S
864 660 896 742 P
923 665 962 748 R
989 665 1009 746 Ι
1039 667 1088 748 M
1113 665 1162 749 A.

396 854 584 943 Plurimos
603 857 622 936 ὲ
638 850 818 934 veteribus
827 862 886 936 H
885 866 1036 936 aereticis
1048 854 1134 968 ficos
1143 867 1329 946 Sacrorum

526 967 720 1058 Libroncm
738 963 869 1044 codices
884 965 971 1047 olim
986 967 1210 1080 adaltaraffe.

472 1193 598 1276 Acras
621 1191 796 1280 Litteras
820 1215 944 1272 manu
966 1191 1156 1309 sacrilegi
1179 1192 1329 1277 violare

472 1328 556 1393 tam
574 1306 766 1418 impium,
786 1327 871 1384 tam
883 1303 1117 1390 detestabile
1129 1304 1327 1409 scelusest,

391 1443 441 1504 ut
456 1412 692 1528 quibusdam
722 1415 908 1498 videatur
930 1417 1199 1523 incredibile,
1226 1417 1329 1501 istud

393 1526 446 1618 ab
469 1532 684 1616 Haereticis
707 1527 807 1611 olim
853 1552 1113 1640 erpetratum.
1132 1531 1330 1644 Equidem

365 1639 523 1733 ‘fateor
555 1646 662 1724 inter
686 1554 899 1723 Haerelulm
926 1636 1137 1728 sedatores
1165 1647 1331 1757 reperiri

388 1754 606 1868 plurimos,
632 1755 703 1866 qui
731 1775 926 1836 nontam
948 1756 1116 1948 prozrio
1140 1753 1330 1861 consilio,

388 1868 513 2065 girini
532 1867 670 1953 alienis
690 1862 925 1968 fraudibus,
945 1861 1011 1948 vel

1063 1865 1179 1950 austis
1201 1865 1331 1956 abin

434 1981 519 2066 ntia
536 1976 774 2096 praejudiciis
791 1982 833 2056 in
851 1975 1032 2062 haeresim
1057 1975 1200 2064 misere
1221 1978 1331 2087 dela.

311 2173 315 2182 .
387 2087 549 2182 buntur.
582 2091 643 2174 Hi
668 2086 794 2200 porrb
823 2087 896 2171 etsi
921 2087 1217 2176 excusationem
1246 2120 1331 2176 non

238 2229 248 2260 ²
385 2199 673 2306 hibernam
694 2198 909 2286 Ecclesiam
920 2199 1060 2286 audire
1074 2201 1323 2290 detrectant:

389 2337 528 2401 umen
547 2310 585 2400 se
601 2310 640 2396 se
657 2316 701 2394 in
716 2315 866 2399 cureris
880 2311 933 2395 ab
956 2317 1173 2428 impietatis
1189 2324 1228 2404 δι
1242 2345 1327 2438 pen

388 2424 493 2513 fidia
507 2430 672 2509 crimine
681 2429 879 2508 immunes
894 2423 1114 2538 aliquando
1125 2429 1325 2544 praestant.

393 2535 836 2646 Huiusmodihomines
847 2535 899 2620 ab
911 2539 1188 2625 adulterandis
1203 2547 1331 2628 Sacris

393 2649 616 2738 Codicibus
632 2644 877 2736 abhorruisse
888 2651 1099 2762 dicantur,
1116 2681 1189 2770 per
1205 2682 1272 2740 me
1286 2654 1331 2738 li.

395 2788 483 2872 ⁶⁶13
504 2791 638 2878 neque
652 2769 761 2848 enim
776 2767 819 2848 in
833 2791 901 2846 eos
913 2763 1023 2852 cadit
1034 2764 1234 2850 accusatio
1253 2795 1329 2850 no-

394 2877 498 2984 stra3
515 2876 582 2962 sed
602 2877 737 2991 potius
751 2881 793 2962 in
810 2876 912 2988 ipsos
925 2900 1107 2974 veterum
1120 2879 1332 2964 Haeresum

394 2995 628 3074 inventores
648 2987 711 3072 vel
729 2987 960 3103 magistros:
983 2995 1091 3074 inter
1110 3020 1210 3103 quos
1235 2991 1331 3074 dico

395 3099 564 3188 extitiile
580 3127 663 3195 non
674 3099 843 3215 paucos,
863 3099 1009 3214 quisua
1020 3107 1229 3189 Sacrarum
1243 3105 1330 3188 Lit.

395 3239 575 3300 terarum
586 3214 831 3328 exemplaria
846 3213 943 3296 dolo
959 3214 1066 3298 malo
1086 3210 1329 3313 falsaverint.

395 3327 556 3443 Q0d‚
581 3351 626 3410 ut
643 3323 799 3414 facilius
816 3329 857 3407 in
876 3330 1054 3408 animum
1078 3322 1188 3408 suum
1207 3329 1329 3411 indu.

376 3464 492 3540 ‘eant
502 3509 513 3544 ‚
525 3441 594 3553 qui
606 3437 790 3522 confiteri
806 3435 989 3521 abnuunt
999 3486 1009 3542 5
1021 3437 1153 3551 primb
1164 3439 1333 3552 quidem

396 3551 713 3668 explicabimus,
741 3551 949 3664 quodnam
976 3557 1330 3639 veterum'Haere-

396 3661 640 3750 liarcbarum
650 3664 858 3784 ingenium
868 3661 1010 3773 fuerit,
1022 3664 1141 3784 qua‘m
1155 3690 1334 3783 pronum
