3012 4574
317 311 543 425 Ecclefiastic.
556 309 725 398 Codicum
737 311 1020 419 comparibus.
1040 349 1042 356 ’
1066 322 1115 418 36
1121 347 1142 420 9

206 417 399 510 Habetur
432 429 539 508 enim
572 424 733 516 istarum
763 423 987 508 litterarum
1021 435 1147 542 gemi-

207 562 305 633 num
334 537 566 651 exemplar,
594 565 719 619 unum
747 540 791 618 in
819 543 964 650 Regesto
992 543 1147 624 Roma-

207 673 354 732 norum
374 647 643 753 Pontificum,
664 650 837 732 alterum
855 653 899 731 in
910 653 1066 735 afflone
1091 650 1147 736 se-

206 759 341 842 cunda
368 763 547 874 Synodi,
569 789 692 875 quam
730 761 895 844 Photius
925 761 1147 848 celebravit

209 869 575 988 Constantinopoli.
604 876 787 956 Primum'
805 871 959 958 litteras
980 875 1147 959 exhibet

205 979 375 1068 srnceras
391 990 654 1100 &genuinas,
673 983 810 1098 quales
824 985 1018 1102 dJoanne
1028 986 1146 1104 scrip,

206 1118 258 1176 tae
279 1095 574 1182 suntzalterum
590 1127 656 1182 eas
675 1095 955 1211 repraesentat,
974 1129 1062 1213 qua
1087 1101 1143 1184 le·

204 1211 275 1292 &ae
286 1207 374 1293 sunt
390 1216 433 1291 in
450 1211 613 1324 Synodo
630 1218 671 1294 δι
683 1211 707 1294 d
718 1213 874 1318 ¹s'hotio
893 1213 1141 1297 adulteratae.

204 1322 296 1406 Has
323 1325 505 1406 omnium
524 1323 649 1405 oculis
675 1322 841 1436 subJecit
860 1326 1039 1409 eruditus
1058 1329 1144 1410 An-

203 1431 358 1514 nalium
386 1434 747 1520 ecclesiasticorum
776 1432 979 1551 scriptor:
1012 1465 1145 1552 neque

203 1542 413 1738 quisjuarn
439 1548 519 1652 est,
540 1552 609 1662 qui
628 1549 712 1660 ejus
737 1549 989 1664 diligentiam
1009 1578 1143 1666 repre-

204 1653 288 1740 hen
317 1663 394 1744 erit
408 1667 449 1744 δι
466 1665 507 1744 in
521 1661 715 1744 invidiam
734 1666 952 1746 vocaverit.

828 1887 1127 1907 -ι--κ--η-ιυ

461 2019 678 2104 Caoor
738 2014 878 2102 XIX.

157 2305 160 2311 ,
199 2227 269 2312 Ab
294 2235 457 2312 Ariana
478 2225 665 2340 falstctum
682 2224 790 2336 ficiffl’
817 2234 918 2310 Aa'ti
944 2175 1142 2344 apostolam

159 2341 162 2358 '
367 2339 419 2424 de
436 2343 618 2455 ingenito
638 2341 734 2424 Deo
755 2367 803 2422 ac
823 2344 976 2455 genito.

199 2568 404 2759 USque
430 2567 535 2650 adeo
570 2572 612 2650 in
640 2558 826 2650 fraudem
854 2573 895 2650 &
928 2566 1140 2680 perfidiam
1163 2651 1170 2666 ,
1237 2557 1243 2574 '

298 2684 417 2793 proni
428 2677 591 2762 fuerunt
605 2702 759 2762 veteres
776 2680 994 2780 Haeretici,
1021 2704 1066 2762 ut
1085 2707 1139 2765 ne

187 2791 226 2872 d
240 2788 428 2872 falsandis
454 2792 620 2902 quidem
644 2789 816 2872 aliorum
838 2793 1159 2874 Haereticorum·

196 2899 368 3017 scriptis,
391 2932 491 3016 quos
504 2902 574 2985 fibi
589 2897 789 2986 adversari
805 2899 1051 3008 sentiebant,
1069 2903 1135 2985 ab.

194 3016 413 3100 stinuerint.
454 3017 503 3100 Id
524 3041 711 3131 expertus
736 3015 793 3098 'est
821 3016 962 3098 A'c'tius
988 3017 1130 3099 Haere.

191 3124 366 3233 sartha,
386 3133 455 3242 qui
468 3128 520 3212 ab
539 3134 665 3244 impio
685 3129 869 3242 Georgio
887 3127 1128 3211 Alexandri-

190 3267 247 3322 no
264 3243 507 3324 Arianorum
525 3241 719 3358 Episcopo
734 3243 945 3326 Diaconos
963 3241 1126 3324 ordina-

191 3379 254 3436 tus
266 3422 277 3457 ,
291 3353 465 3438 insanam
478 3357 565 3438 Arii
575 3357 798 3438 doctrinam
810 3349 1005 3437 hauserat.
1022 3357 1126 3440 Mox

191 3492 329 3550 tamen
347 3467 547 3581 Magistris
565 3469 637 3549 suis
658 3467 836 3549 deterior
860 3463 1006 3570 sadus,
1034 3473 1134 3581 pro.'

189 3585 318 3693 priam
354 3576 435 3693 ipse
469 3577 609 3664 seaam
643 3579 840 3672 condidit.
884 3581 999 3662 Nam
1027 3579 1122 3661 edun

170 3693 351 3797 Ariani,
377 3693 518 3776 Filium
541 3694 624 3778 Dei
649 3689 724 3776 esse
749 3687 1123 3887 consubsppntialem

964 3833 987 3890 9.
