3020 4564
362 326 430 403 116
573 328 639 421 De
656 316 837 400 veteribus
856 327 1062 402 Haereticis

361 425 444 514 hoc
461 437 500 513 &
519 427 764 544 sacrilegium
787 435 828 511 in
849 423 1126 515 Ecclefiasticis
1147 424 1298 516 codicia

363 544 435 626 bus
454 569 507 624 eo
534 563 718 656 tempore
743 539 1033 654 deprehensum
1058 606 1070 648 ,
1092 541 1183 657 'quo
1212 548 1295 627 Au·

361 657 519 740 xentius
553 653 897 738 Mediolanensem
932 651 1145 738 Ecclesram
1175 662 1297 738 armis

362 773 622 881 exercituque
662 785 962 880 occupaverat,
994 765 1220 880 Valensque
1255 776 1298 852 &

265 911 271 927 ·
361 879 539 962 Ursatius
568 877 824 960 incursabant
855 871 1068 962 Ecclesiam
1107 884 1294 964 Sirmien-

361 989 467 1074 sem:
503 991 583 1070 hoc
606 987 663 1071 est
690 989 886 1103 flagitium
912 990 992 1072 hoc
1012 1017 1095 1073 non
1126 987 1200 1075 else
1225 991 1296 1072 de·

361 1097 601 1218 prehensum
629 1121 724 1183 ante
747 1130 897 1186 annum
925 1103 1074 1186 Christi
1100 1132 1183 1214 357.
1212 1100 1295 1186 sor*

363 1207 459 1296 tasse
477 1209 633 1325 aliquot
652 1209 739 1325 post
759 1219 883 1297 annis.
1275 1319 1277 1326 y

417 1328 555 1438 Atque
581 1321 652 1406 ista
669 1330 805 1407 omnia
831 1323 1122 1413 Ambrosius&
1150 1321 1298 1411 diserte

363 1435 552 1540 testatur,
574 1441 613 1518 δι
657 1464 704 1515 ro
722 1442 839 1518 certis
854 1461 976 1550 atque
993 1441 1208 1554 exploratis
1224 1439 1297 1522 ha-

364 1547 446 1632 bet.
486 1545 607 1630 Unde
630 1465 715 1630 lloc
738 1551 781 1628 in
801 1541 894 1628 loco
918 1554 961 1629 in
983 1553 1154 1634 Arianos
1172 1550 1298 1634 iusur.

277 1717 279 1724 ·
361 1667 424 1776 git
436 1659 736 1744 vehementius:
758 1658 904 1773 eosque
923 1659 987 1743 vel
1006 1661 1084 1742 hac
1101 1657 1165 1744 sul
1180 1663 1299 1746 liturl

365 1775 510 1888 dignos
531 1773 702 1880 judicat,
730 1801 902 1884 quorum
930 1777 1096 1856 nomina
1122 1773 1174 1857 de
1194 1773 1299 1856 libro

364 1891 455 1968 vitae
471 1885 691 1968 deleantur.
715 1891 815 1994 Quis
830 1909 965 1971 autem
982 1885 1051 1969 fibi
1065 1883 1300 2002 persuadeat

364 1992 636 2080 sanclissrmum
663 1999 887 2081 Ductorem
908 2065 920 2102 ,
955 2000 1063 2108 cujus
1085 1993 1300 2114 prudentia

364 2104 518 2222 semper
536 2103 687 2188 summa
709 2098 785 2189 suit
810 2117 850 2190 &
878 2111 1093 2210 modestia,
1120 2104 1299 2192 adversa-

364 2223 445 2306 rios
466 2245 573 2330 quan
604 2230 696 2299 uam
715 2220 859 2330 impios
885 2219 1069 2301 homines
1091 2213 1143 2301 fic
1168 2220 1299 2333 exagi-
1349 2319 1352 2326 Ι

365 2245 623 2414 tarevoluile
634 2319 800 2452 propter
815 2327 989 2436 crimen,
1011 2329 1300 2444 quoddubium

369 2441 465 2526 esset
481 2466 551 2524 aut
569 2440 708 2524 sallum
724 2464 736 2525 t

423 2555 474 2640 Et
492 2555 588 2638 vero
608 2555 741 2636 locum
762 2545 898 2660 illum,
917 2564 1086 2664 quoniam
1096 2563 1201 2642 Deus
1220 2555 1304 2664 Spi·

368 2679 460 2750 ritus
481 2673 549 2776 est,
578 2693 662 2748 non
677 2691 814 2749 extare
830 2663 1000 2782 amplius
1017 2671 1058 2750 in
1076 2671 1206 2782 capite
1226 2693 1303 2752 ter-

369 2781 430 2864 tio
447 2776 650 2894 Evangelii
678 2777 895 2860 secundum
914 2783 1137 2896 Joannem‚
1160 2785 1303 2892 cuique

371 2893 523 3008 legenti
540 2889 792 2974 manifestum
816 2891 890 2973 est:
908 2892 989 2974 illic
1007 2918 1144 2974 autem
1163 2891 1302 2974 saltem

372 3005 479 3120 apud
511 3009 674 3090 Latinos
715 3001 882 3086 extitisse
928 3030 1025 3088 ante
1059 3008 1304 3090 Arianorum

371 3143 558 3230 tempora
575 3119 724 3198 nemini
742 3113 906 3196 dubium
925 3110 999 3200 effe
1022 3114 1160 3307 qotest.

401 3233 539 3318 'Nam
572 3261 598 3312 1.
626 3227 899 3330 Tertullianus
923 3231 965 3310 in
998 3229 1025 3308 li
1056 3229 1171 3319 rode
1199 3257 1304 3312 carne

373 3341 505 3450 Christi
514 3406 527 3439 ‚
539 3370 658 3456 quem
672 3345 813 3425 Romae
829 3337 977 3536 [αἰδῶ
992 3341 1181 3421 adversus
1198 3343 1305 3429 Mar,-

373 3455 556 3558 cionem,
594 3451 801 3568 Apellem,
827 3459 867 3536 &
933 3452 1175 3558 alentinum,
1204 3483 1304 3567 quo-

374 3591 464 3644 rum
484 3571 632 3679 primus
649 3565 820 3680 negabat
846 3557 1048 3647 Christum
1066 3593 1200 3648 veram
1221 3594 1305 3646 car·

373 3701 467 3758 nem
494 3675 700 3786 ltabuiffe3
731 3675 922 3792 sccundus
954 3678 1205 3762 concedebat
1238 3703 1302 3760 ve⁴
