2896 4562
345 359 421 464 580
576 358 641 438 Da
654 347 834 430 veteribus
848 357 1056 432 Haereticis

343 466 439 548 dem
452 465 495 546 in
509 461 757 578 explicandis
769 465 815 546 M
845 461 969 542 steriis
985 449 1179 542 laborasse
1196 484 1280 540 non

343 580 491 660 mirum
504 577 571 660 est.
590 579 635 660 N
638 602 717 656 unc
729 490 896 686 quidem
916 576 1109 688 temporis
1121 563 1282 683 poffunt

341 689 545 772 Dodores
568 686 621 770 de
639 683 779 770 iisdem
796 685 1002 798 ,Mysteriis
1031 682 1281 767 enucleatids

342 799 457 914 loqui
474 807 518 884 δι
534 797 698 882 uberius
716 795 925 904 differem,
941 801 1035 910 quia
1049 798 1130 904 jam
1144 794 1283 908 suppe-

342 937 435 996 tunt
460 911 583 996 verba
605 910 731 1026 longo
754 908 935 995 Ecclefiae
955 907 1024 991 niu
1043 913 1170 1011 trita,
1190 911 1279 1020 qui-

343 1023 416 1108 bus
437 1020 564 1108 sensus
586 1021 654 1106 usu
677 1020 761 1138 ipso
779 1021 919 1121 affixus
940 1020 997 1104 est
1014 1019 1278 1134 explanandis

339 1135 542 1250 Mysteriis
567 1136 746 1218 idoneus.
778 1136 835 1216 At
865 1133 935 1218 illa
960 1131 1113 1236 verba,
1132 1129 1276 1244 quibus

336 1248 418 1360 jam
437 1251 529 1332 tutd
549 1251 725 1349 utimur,
749 1249 885 1361 primis
902 1245 980 1328 illis
999 1242 1274 1360 temporibus,

337 1360 403 1444 vel
423 1359 605 1444 nondum
623 1383 740 1440 erant
759 1359 930 1462 usitata,
948 1357 1013 1440 vel
1030 1354 1169 1440 saltem
1191 1385 1275 1437 non

334 1471 543 1556 habebant
562 1470 732 1554 eandem
749 1470 989 1586 potestatem
1007 1477 1047 1554 δι
1064 1457 1275 1552 definitum

335 1583 451 1668 illum
474 1583 733 1700 significatum
749 1651 761 1688 ,
780 1588 849 1695 qui
871 1581 1006 1696 posted
1033 1582 1203 1664 invaluit
1230 1586 1271 1662 in

335 1695 520 1782 Ecclesia.
540 1695 661 1779 Unde
681 1694 750 1800 fit,
767 1718 812 1778 ut
830 1696 882 1777 de
901 1693 1044 1806 quibus
1061 1693 1178 1806 rebps
1189 1695 1265 1804 jam

332 1807 524 1924 expedit&
546 1807 772 1922 loquimur,
791 1806 948 1890 nonniii
974 1805 1136 1890 stridim
1153 1815 1191 1890 &
1212 1805 1263 1916 je-

335 1921 431 2028 juna
444 1925 689 2034 antiquiores
707 1920 767 2003 illi
786 1922 924 2002 Patres
940 1915 1123 2004 differere
1132 1943 1269 2033 potue

332 2038 425 2117 rint.
458 2033 563 2118 Inda
591 2037 714 2117 etiam
731 2032 906 2138 accidit,
925 2055 971 2116 ut
991 2032 1088 2114 dum
1109 2019 1266 2145 quibus-

334 2147 430 2228 dam
448 2144 717 2230 locutionibus
733 2148 902 2250 Patrum
914 2172 1008 2230 eum
1019 2141 1169 2228 sensum
1185 2141 1268 2228 affi-

363 2261 487 2360 imus,
504 2283 624 2370 quem
643 2257 952 2361 nunchabent,
982 2253 1165 2340 Patribus
1195 2259 1267 2336 tri-

333 2285 500 2452 buamus
517 2377 726 2452 errores&
744 2368 919 2475 menda,
939 2370 963 2452 d
983 2368 1125 2484 quibus
1142 2369 1267 2482 longe

331 2480 559 2564 abfuerunt.
589 2484 637 2564 ln
662 2480 841 2595 legendis
861 2487 967 2566 enim
992 2486 1266 2595 Antiquorum
1354 2557 1358 2566 .

335 2597 522 2708 Scriptis,
542 2591 640 2707 quid
665 2592 788 2678 verba
805 2622 913 2678 nunc
930 2592 1151 2710 fignificent
1166 2635 1178 2697 ,-
1196 2623 1264 2676 co-

330 2710 502 2823 gitamus
533 2753 543 2814 3
578 2705 672 2790 cbm
708 2706 843 2821 potiris
872 2706 1084 2790 attendere
1117 2706 1267 2790 debea-

329 2847 450 2926 mus,
476 2820 576 2934 quid
602 2819 650 2902 ed
675 2843 793 2906 atate
825 2818 1156 2934 significaverint,
1183 2821 1266 2931 quai

330 2934 511 3046 Scripta,
530 2961 617 3045 quae
633 2929 801 3046 legimus
817 2931 992 3046 ptimbm
1012 2931 1264 3047 prodierunt

383 3045 549 3132 Deinde
567 3070 811 3158 quamquam
833 3068 989 3130 certum
1005 3045 1062 3132 est
1082 3043 1264 3159 Religio-

327 3159 387 3240 nis
399 3155 634 3242 Christianae
645 3154 837 3272 Mysteria
848 3185 932 3242 non
944 3157 1075 3240 minus
1086 3155 1264 3244 clarb'ab

326 3274 372 3352 iis
384 3338 396 3375 ,
407 3273 477 3388 qui
489 3267 703 3384 Apostolos
716 3269 902 3383 proxim&
919 3268 1041 3354 secuti
1050 3265 1266 3385 sunt,c0g.

325 3386 412 3468 nita
423 3380 520 3488 effe,
542 3382 663 3496 quim
682 3380 856 3464 duobis:
875 3411 960 3464 non
974 3381 1032 3468 est
1043 3408 1182 3472 tamen
1190 3409 1266 3466 ne-

355 3496 504 3584 andum
527 3494 594 3580 usu
611 3497 954 3600 ,exercitatione,
979 3493 1265 3610 disputationi-

327 3524 425 3712 bus,
451 3633 499 3692 ea
525 3637 612 3723 quat
639 3627 688 3690 ex
711 3606 910 3724 Mysteriis
931 3605 1263 3720 consequuntur,

327 3747 415 3832 quae
435 3718 574 3806 iisdem
592 3720 877 3820 adversantur,
897 3715 972 3804 effe
996 3721 1141 3804 clarids
1161 3748 1260 3836 cog.
