3036 4592
312 302 549 411 '‘Ecclerastic.
562 299 733 386 Codicum
745 301 1025 410 corruptoribus.
1089 319 1140 414 η

208 421 372 508 istorum
409 415 516 501 celus
532 413 749 498 certiffimae
765 440 907 500 eorum
924 417 1138 527 codicum,

208 561 310 646 quos
335 528 508 617 Ecclesia
539 526 758 612 catholica
778 526 905 644 legit,
928 531 1140 644 integrita„

210 651 244 730 ti
270 645 370 729 nihil
397 639 581 726 nocuiffe.
608 641 842 725 Posterioris
868 639 980 724 Libri
1006 667 1141 755 partes

210 783 328 842 erunt
351 782 545 872 quatuor:
566 757 697 869 prima
715 755 880 870 deteget
898 758 1026 837 varias
1045 758 1141 861 Hae.

206 877 428 956 reticorum
462 868 660 971 fraudes,
695 893 820 982 opera
848 870 1016 950 Patrum
1044 869 1142 948 alia-

207 1013 288 1098 que
316 1004 582 1064 monumenta
610 977 879 1063 Ecclefiastica
906 979 1142 1064 adulteran-

207 1103 336 1178 tium:
358 1097 399 1176 in
413 1091 586 1173 secunda
601 1090 652 1172 de
666 1092 796 1174 Felice
815 1093 1083 1208 Orgelitano,
1099 1097 1144 1196 in

210 1211 333 1292 tertia
351 1203 404 1288 de
421 1199 683 1288 Gothescalci
705 1201 926 1289 fautoribus
944 1207 1147 1324 figillatim

213 1315 503 1434 disputabitur3
522 1313 838 1427 ostendeturque
859 1345 999 1401 eorum
1014 1325 1056 1404 in
1075 1319 1151 1404 fal.

212 1431 345 1516 fandis
368 1427 478 1508 libris
506 1425 716 1542 perfidiam
744 1424 920 1509 excusari
932 1459 1014 1511 non
1029 1432 1148 1547 poise.

215 1534 526 1626 Demonstrabit
551 1538 753 1656 postrema
778 1539 887 1622 suam
910 1539 1147 1630 Traditioni

214 1653 382 1738 Patrum
402 1655 683 1738 auctoritatem
698 1653 857 1738 firmam
873 1677 1000 1764 atque
1015 1654 1146 1740 illiba-

213 1789 298 1850 tam
313 1793 575 1883 permanere,
601 1793 677 1850 nec
692 1767 788 1848 huic
811 1767 1035 1879 quidquam
1050 1769 1146 1854 Hae.

209 1885 433 1974 reticorum
456 1878 602 1963 scelere
623 1875 699 1961 effe
724 1879 959 1962 detraiium.

266 1997 318 2078 In
339 1992 401 2074 his
420 2015 557 2074 autem
574 1989 865 2106 pertrabandis
887 1989 937 2074 eb
963 1989 1154 2078 uerssbot

211 2105 340 2194 tutius
359 2173 371 2212 ‚
393 2102 506 2217 qubd
527 2107 760 2188 Sanstorum
785 2107 952 2186 Patrum
979 2103 1153 2220 vestigiis

209 2216 401 2333 religiose
415 2215 888 2302 &constanterinfistam
902 2217 1038 2302 Nullis
1050 2223 1150 2304 Hx·-

208 2335 343 2418 reticis
381 2327 467 2414 falfi
497 2335 651 2413 crimen
683 2327 997 2444 exprobraturus
1029 2330 1147 2438 sum,

207 2444 325 2558 quod
344 2471 428 2524 non
441 2441 529 2557 ipsis
543 2443 652 2558 prius
669 2447 875 2556 antiqui&
884 2442 1146 2558 probatiffimi

203 2559 413 2646 Do&ores
431 2556 776 2670 exprobraverint.
798 2560 835 2638 Si
850 2561 935 2668 quis
951 2559 1048 2638 verb
1066 2556 1102 2640 se

201 2699 299 2760 tum
317 2695 383 2752 me
400 2694 484 2750 tam
499 2667 617 2750 firmo
634 2671 855 2757 munimine
875 2665 1058 2753 iaceffere
1070 2585 1146 2754 ai

197 2789 293 2878 huc
315 2780 486 2864 voluerit
508 2789 548 2864 &
563 2775 838 2894 Pyrrhonismi
854 2781 1009 2863 idcircb
1023 2811 1143 2866 accu-

194 2903 318 3000 ἁτε,
344 2891 597 3009 respondebo
615 2921 706 2976 cum
724 2891 855 2976 saneto
871 2893 1142 3004 Augustino²=

189 3021 333 3107 Ceratis
355 3012 434 3105 crim
461 3005 591 3117 quibus
619 3032 687 3088 tua
708 3007 906 3090 maledulci
918 3007 1114 3122 ficsir'neam
1125 3071 1141 3107 ,

187 3137 319 3222 comto
339 3127 418 3204 crim
442 3118 571 3231 quibus
597 3120 689 3201 mihi
710 3119 767 3234 fit
787 3119 895 3230 cauſsa
917 3136 1109 3202 communio
1126 3181 1149 3222 ,-
1259 3145 1263 3156 ’

183 3241 318 3368 quim
328 3302 420 3320 .....
432 3231 577 3344 pulfhre
591 3231 782 3315 calumniic
801 3227 852 3330 ὠ
866 3257 1070 3346 expugnare
1084 3263 1142 3313 co·

182 3369 305 3452 naris
315 3363 330 3430 ,³
341 3363 455 3432 comto
467 3339 578 3460 quim
588 3345 965 3460 tibiperniciofitmfit,
976 3346 1150 3428 ramim--

183 3465 314 3564 ribilc
342 3476 470 3545 cn'men
494 3461 640 3562 objicere
663 3459 800 3542 talibus
819 3523 833 3558 ,
854 3455 901 3555 ὠ
922 3455 1033 3569 quim
1049 3459 1143 3544 mihi

169 3571 1142 3718 gloriostrm,quodlibetcrimenaudirerumtalibus!

206 3741 227 3798 ρ
235 3717 544 3796 Liba-cenulenta.
554 3714 757 3782 nmmum
767 3733 958 3800 toruroqag
971 3721 1064 3790 soa&
1074 3732 1139 3796 Μ,
