2908 4544
77 305 91 402 ζ
198 461 200 468 Α
316 306 542 453 Ecclesiastic.
555 337 723 423 Codicum
734 339 1015 448 comparibus.
1068 348 1142 452 483

209 561 1143 651 mwfflnnmffloortoene
1252 525 1254 530 ’

383 783 581 869 roris
645 751 984 872 reneri(

210 1007 362 1093 editam
393 1024 488 1094 inter
519 1032 626 1116 opera
647 1005 772 1122 sitnisi
786 1015 984 1123 Augustini
1014 1012 1144 1096 librum

250 1143 394 1202 contra
418 1127 595 1259 qui-nque
616 1119 978 1314 nostiumappnera,
997 1125 1021 1206 ἆ
1039 1142 1107 1211 Go-

321 1229 487 1348 tbescalcr
507 1231 643 1342 afficlts
651 1229 759 1344 firrffi’
850 1233 1040 1360 lteratum3
1094 1275 1098 1284 ·

342 1460 507 1541 Uamvis
516 1462 621 1542 inter
631 1458 846 1544 Remenses
856 1455 1065 1544 Antistites
1076 1461 1142 1546 vix

343 1573 465 1655 aliurn
478 1575 670 1686 reperias,
685 1570 713 1652 fi
730 1599 920 1686 magnum
932 1572 1046 1655 illum
1059 1577 1140 1659 Re-

207 1693 374 1800 migium
390 1688 590 1796 exceperis
602 1751 613 1787 ,
624 1687 694 1795 qui
711 1687 973 1790 auctoritate,
991 1685 1141 1798 suisque

206 1797 470 1884 inEcclesram
485 1795 740 1877 Gallicanam
751 1797 901 1877 meritis
912 1824 1003 1878 cum
1016 1801 1143 1881 Hinc

207 1935 322 1994 maro
337 1905 520 1989 'conferri
548 1905 661 2021 posfit
677 1942 687 1987 t
703 1905 895 2019 plurimos
916 1932 1080 2012 tamen,
1101 1919 1142 1994 &

206 2021 363 2125 nostrai,
380 2028 420 2103 &
440 2015 630 2134 superiori
648 2041 767 2102 aetate
789 2043 922 2102 tantus
943 2019 1011 2103 ille
1036 2025 1139 2104 Prae-
1261 2061 1263 2064 ·

206 2131 262 2216 sus
277 2131 402 2248 passus
417 2131 473 2213 est
489 2128 798 2234 obtrectatores,
810 2133 930 2212 etiarn
946 2135 1053 2216 inter
1071 2160 1139 2218 eos

204 2251 275 2360 qui
296 2241 501 2330 Catholici
522 2241 663 2325 haberi
685 2240 837 2326 volunt.
864 2247 1014 2360 Neque
1042 2251 1138 2334 vero

204 2361 319 2470 hujus
352 2362 410 2442 rei
444 2354 558 2439 causa
585 2354 753 2437 obscura
782 2354 849 2438 est.
880 2357 1036 2444 Bellum
1070 2359 1138 2443 ille

204 2476 443 2554 acerrimum
460 2468 606 2551 indixit
618 2467 892 2549 Gothescalco
915 2470 1139 2554 Orbacenfi

206 2583 444 2683 Monacho,
465 2581 727 2694 proscriptam
757 2577 910 2660 dudum
933 2580 1135 2664 Praedesti-

204 2698 460 2775 natianorum
478 2689 655 2770 haeresrnr
676 2693 898 2772 renovanti.
913 2690 1023 2774 Citrn
1038 2717 1136 2808 ergo

202 2805 264 2888 his
291 2802 496 2920 postremis
514 2798 761 2916 temporibus
787 2824 872 2882 non
892 2801 1047 2910 desint,
1096 2809 1137 2890 ui

204 2916 268 3001 vel
281 2916 456 3028 objectos
468 2911 741 2996 Gothescalco
751 2940 906 2997 errores
917 2919 1052 3000 animo
1067 2835 1134 3000 so.

119 3098 124 3106 .
152 3023 156 3028 ’
204 3028 422 3136 veant,vel
439 3025 576 3111 saltem
589 3045 739 3140 negent
751 3028 808 3109 ita
819 3027 1135 3114 Gothescalcum

203 3143 301 3229 olim
318 3137 491 3248 sensisse,
509 3164 554 3220 ut
569 3137 639 3254 ipsr
659 3137 1037 3251 objiciebaturznon
1059 3150 1133 3226 mi-

202 3283 290 3338 rum
301 3255 357 3339 est
366 3251 559 3362 ejusmodi
572 3257 676 3333 viros
689 3250 905 3366 iniquiores
917 3250 991 3340 esse
1006 3259 1134 3340 Hinc·

203 3396 327 3450 maro.
1116 3387 1119 3402 ’

259 3486 315 3566 At
331 3483 517 3568 Domnus
539 3481 680 3563 Petrus
697 3475 950 3585 Custantius,
967 3483 1036 3594 qui
1054 3482 1133 3565 hac

202 3597 244 3676 in
265 3591 478 3708 quaestione
507 3590 611 3672 nolit
626 3655 639 3694 ,
654 3613 705 3685 ,ut
724 3614 848 3702 puto,
871 3589 1132 3676 Gothescalci

201 3711 383 3822 patronis
403 3707 679 3808 annumerari,
698 3727 780 3785 non
799 3700 994 3899 deblpepap
1007 3707 1133 3791 Hinc.

969 3845 994 3929 ¹1
