3018 4572
349 347 421 438 180
575 353 639 438 De
650 345 835 433 veteribus
856 353 1061 435 Haeruicu

344 465 427 548 five
443 462 494 547 ab
514 461 595 578 ipso
619 463 756 568 Mose,
781 463 857 546 sive
886 461 937 544 ab
959 464 1038 546 alio
1063 462 1201 577 aliqud
1226 449 1280 546 ls-

343 577 490 686 melita
506 575 758 659 manifestum
769 576 849 679 est,
868 574 1063 687 fiquidem
1081 576 1153 658 ista
1168 579 1211 656 in
1230 600 1280 658 eo

345 689 558 804 legebatur
580 687 794 803 prophetia
816 703 853 768 ‘t
875 689 973 800 ficut
987 689 1083 788 fecit
1106 689 1280 792 (Domi-

345 810 443 903 nus)
467 815 623 884 inmari
648 800 773 898 rubro,
790 801 846 913 stc
858 801 982 902 fhciet
1005 813 1043 882 in
1065 798 1280 883 torrentibus

345 923 513 1000 Amin..

401 1024 532 1136 Qudd
554 1049 692 1109 autem
724 1029 867 1108 Beatus
890 1024 1014 1140 judas
1043 1024 1211 1109 testatur
1235 1029 1280 1105 in

342 1138 520 1254 Epistola
545 1140 777 1241 Canonica,
803 1136 1036 1241 Enochum,
1067 1142 1137 1250 qui
1160 1139 1279 1252 septi-

341 1280 432 1334 mus
448 1247 501 1332 ab
519 1251 679 1333 Adamo
697 1249 796 1356 fuit,
821 1253 837 1301 b
846 1242 1067 1359 prophetuffi
1085 1253 1278 1335 dicentem.-

343 1380 434 1448 Ecce
456 1377 561 1446 venit
581 1373 760 1449 Dominus
782 1377 821 1444 in
836 1365 977 1475 sazniiis
1002 1361 1161 1446 'millibus
1177 1365 1278 1479 stru,

345 1503 429 1558 non
459 1475 606 1590 probat
631 1473 819 1587 scriptum
851 1472 961 1556 fuille
996 1475 1174 1590 aliquem
1212 1481 1280 1560 Li-

256 1635 264 1646 .
344 1587 463 1670 brom
483 1592 646 1672 Sacrum
667 1611 736 1667 ant
788 1575 1145 1699 Mosrs'tempora:
1173 1588 1280 1672 hanc

341 1707 453 1784 enim
474 1701 628 1785 Enochi
645 1613 900 1812 productum
914 1699 1150 1781 mandatam
1170 1695 1280 1784 fuisse

344 1813 513 1919 litteris,
542 1837 612 1895 aut
632 1813 658 1895 fi
679 1811 819 1894 litteris
840 1809 1033 1894 mandata
1048 1807 1146 1916 fuit,
1169 1840 1283 1895 man-

341 1927 483 2006 datam
513 1921 621 2009 fuiffe
638 1923 689 2006 ab
714 1921 797 2036 ipso
827 1922 1026 2028 Enocho,
1054 1949 1130 2006 nec
1158 1927 1281 2010 docet

345 2039 490 2118 Beatus
508 2038 654 2150 judas,
673 2059 748 2116 nec
765 2036 847 2116 ulla
866 2041 971 2118 ratio
994 2042 1164 2120 evincit:
1190 2066 1280 2119 cen.

343 2145 431 2231 sent
450 2172 586 2231 autem
608 2148 768 2260 plurimi
797 2149 1040 2258 Interpretes
1065 2171 1148 2228 tam
1172 2152 1275 2229 anti.

342 2265 415 2374 qui
427 2261 552 2372 quim
574 2261 841 2360 recentiore-s,
859 2255 971 2337 illam
990 2255 1042 2336 ab
1059 2257 1279 2370 ApostolO,
1395 2332 1398 2344 .

314 2379 322 2390 '
344 2372 410 2454 vel
438 2370 684 2474 revelatione
711 2371 940 2482 cognitam,
973 2366 1038 2450 vel
1060 2370 1279 2456 traditione

344 2507 568 2596 acceptam.
1212 2531 1237 2580 -,

403 2597 520 2680 Nihil
536 2623 633 2710 ergo
650 2587 860 2709 prohibet,
876 2595 1089 2712 quominus
1102 2598 1280 2682 dicamus

347 2706 691 2824 Mosemprimum
706 2712 886 2790 omnium
903 2737 972 2814 ea,
990 2739 1080 2823 quae
1101 2714 1154 2794 ad
1173 2713 1281 2797 Reli-

324 2829 509 2938 sgionem
521 2827 745 2936 pertinent,
762 2822 904 2904 litteris
915 2821 1139 2930 manduffe3
1156 2849 1281 2937 atque

322 2937 451 3038 l'tadeo'
482 2961 620 3019 veram
644 2935 893 3048 religionem
931 2934 1053 3042 usque
1083 2938 1137 3019 ad
1164 2939 1281 3052 ipsius

222 3037 260 3176 ,l
323 3057 534 3162 '‘-tempora
550 3047 629 3132 fine
649 3046 791 3129 litteris
810 3043 1025 3158 perstitiffe.
1057 3047 1281 3134 conserva.

332 3155 465 3243 ‘batur
487 3185 623 3244 autem
645 3185 731 3240 tum
755 3161 1176 3243 continuationum
1199 3151 1283 3247 tia.

323 3276 535 3378 ditione,
567 3295 654 3355 tum
687 3277 810 3356 etiam
842 3272 1088 3356 revelatione
1122 3274 1282 3387 divini,

344 3399 427 3498 qua'
443 3390 578 3500 primis
595 3383 671 3468 illis
687 3385 935 3500 temporibus
948 3389 1035 3498 pios
1049 3389 1154 3470 viros
1173 3391 1283 3475 iden-

348 3499 476 3581 tidem
502 3503 712 3613 potitos&
736 3497 949 3584 illustratos
964 3493 1096 3605 lodie,
1121 3501 1174 3587 ab
1196 3503 1280 3620 ipso

351 3609 467 3694 Mose
482 3608 675 3697 discimus.

369 3747 468 3809 ⁸1biu.
826 3745 836 3834 Ι
874 3749 963 3828 llud
979 3773 1025 3826 14.
