2956 4558
208 427 232 483 χ
311 363 535 496 Ecclefiastic.
550 383 717 468 Codicum
731 383 1008 491 corruptoribus,
1051 413 1132 496 475

201 495 290 580 ium
317 497 369 578 de
391 499 471 607 ejus
499 499 735 600 nativitate,
764 501 902 610 vagitu
926 506 966 580 ὅ(
994 502 1132 604 cunis,

201 605 537 724 probandumque
555 605 709 723 suscipit
727 609 851 699 inhio
870 615 990 691 etiam
1010 608 1136 692 tribus

203 719 453 806 manifestam
469 719 543 805 esse
557 723 640 804 Dei
662 721 922 834 dignitatem:
938 719 1046 802 unde
1069 747 1136 802 ca-

204 857 280 944 put
295 833 397 922 istud
419 834 471 916 fic
492 834 670 920 inchoat.
690 851 705 883 ²
723 835 926 920 Videamus
957 855 1138 940 partum,

203 959 372 1058 vagitum
397 945 444 1044 ὄπ
464 976 595 1044 cunas,
614 947 774 1062 dignitas
790 976 871 1057 qua
880 946 1066 1061 sequatur.
1089 946 1138 1028 In

204 1055 282 1146 istis
301 1082 436 1142 autem
451 1059 629 1144 divinam
649 1058 826 1144 relucere
837 1057 1075 1174 dignitatem
1086 1083 1137 1142 ex

203 1169 1138 1286 eoconficit,qui›dbdoperMagoscunammſsn-

203 1281 264 1363 des
280 1284 493 1382 adorantur,
515 1282 562 1382 όν
581 1297 732 1400 vagitus
743 1308 813 1392 per
830 1283 1053 1399 Angelorum
1077 1283 1135 1364 di-

205 1407 299 1476 vina
313 1397 455 1509 gaudia
471 1397 678 1506 honoretur,
698 1395 745 1494 ὄσ
761 1409 893 1504 partui
908 1395 1137 1503 proclamans

200 1527 268 1612 per
285 1509 506 1616 Pmphetam
522 1519 680 1616 Spiritus
698 1509 746 1609 ό·
763 1508 931 1623 Angelus
944 1521 1136 1606 nuntians,
1234 1605 1237 1616 Ι
1266 1561 1268 1574 ,

206 1617 254 1716 ά·
272 1651 374 1703 nova
398 1621 486 1704 luca
504 1627 613 1730 stela
631 1623 843 1726 famuletur.
863 1625 966 1814 (}uae
989 1619 1141 1814 suffla

205 1731 417 1846 postquam
448 1730 675 1850 descripfit,
702 1732 789 1818 ho'cc
823 1762 891 1816 rur
908 1761 974 1815 um
1012 1759 1036 1814 a
1068 1731 1148 1815 dit·

204 1860 218 1900 ⁹
234 1845 360 1926 Aliud
370 1851 609 1960 inteligitur,
626 1846 734 1927 aliud
750 1847 920 1927 videtur:
937 1843 1045 1926 aliud
1060 1873 1139 1924 ocu-

203 1953 274 2054 la,
290 1956 398 2038 aliud
413 1972 533 2040 animo
551 1967 764 2068 conspicitur.
777 1970 1018 2069 I’aritVitgo
1030 1995 1041 2036 .·
1053 1978 1142 2063 par-

204 2092 263 2150 tus
283 2069 308 2150 i
326 2079 411 2156 Deo
430 2075 486 2176 est,
505 2073 639 2175 Infans
653 2102 708 2152 va
731 2085 787 2152 it.-
805 2069 997 2152 laudantes
1010 2078 1139 2184 Ange-

204 2180 236 2261 li
256 2183 462 2267 audiuntur.
493 2195 620 2269 Fanni
637 2101 931 2298 sorimt:1)eus
953 2183 1139 2266 adoratur.

204 2293 362 2409 Qubus
380 2293 592 2398 absolutis,
610 2296 721 2380 nulli
739 2295 818 2379 alii
840 2322 885 2380 re
908 2295 1142 2408 interjeiici,

204 2406 257 2487 stc
279 2407 441 2492 demum
460 2410 679 2494 concludit.
697 2423 769 2496 Ita
777 2414 964 2518 potestatis
979 2410 1141 2523 dignitas

204 2517 270 2600 non
285 2533 494 2620 amittitur,
514 2525 597 2605 dum
616 2537 733 2605 carnis
751 2519 942 2602 humilitas
955 2521 1139 2602 adoratur.

206 2631 309 2743 ‚Qut
332 2630 425 2742 quis
446 2623 503 2714 uis
536 2635 572 2716 le
601 2639 655 2737 it,
673 2631 805 2713 statim
833 2627 951 2712 sentit
975 2629 1142 2712 conciu-

205 2739 355 2828 fionem
371 2661 494 2856 ipsam
515 2743 567 2826 ad
575 2662 673 2828 isac
692 2739 833 2826 referri
855 2739 1030 2845 debere,
1053 2769 1141 2855 quae

204 2853 392 2968 proxime
411 2855 516 2940 dieta
542 2855 655 2940 sunt:
676 2880 821 2970 nempe
846 2851 900 2937 ad
919 2856 1032 2960 initia
1053 2853 1142 2936 nas-

205 2965 353 3070 cendi,
373 2968 425 3051 ad
443 2973 621 3083 vagitum
641 2978 680 3056 &
700 2995 847 3072 cunas,
868 2993 952 3080 non
971 2963 1068 3050 veri>
1087 2961 1143 3049 ad

205 3084 542 3194 conceptionem,
561 3083 613 3167 de
631 3109 711 3197 qua
727 3085 858 3166 aiium
877 3075 1064 3162 fueritin
1079 3074 1141 3161 su.

204 3195 354 3306 periori
373 3199 515 3311 capite.

244 3303 344 3387 Hoc
359 3331 492 3392 autem
512 3305 539 3389 fi
556 3305 674 3391 semel
691 3306 943 3412 admittitur,
959 3305 1041 3420 jam
1055 3331 1139 3387 non

205 3418 282 3498 erit
304 3415 560 3534 ambiguum,
577 3445 667 3502 utra
686 3418 802 3502 lesiio
819 3417 867 3504 fit
887 3419 1003 3504 alteri
1027 3423 1139 3520 antess

203 3529 403 3644 ponenda.
417 3537 462 3616 N
464 3559 529 3614 arn
555 3532 583 3615 st
604 3529 773 3616 verbum
794 3533 972 3650 adoratur
989 3533 1137 3616 retine-

210 3718 234 3778 ;·
249 3707 310 3769 Lib.
324 3729 350 3770 a.
365 3705 400 3774 dc
418 3710 500 3772 Teio.
522 3730 582 3792 cap.
604 3729 646 3782 ιγ.
665 3716 679 3865 ¹
710 3709 812 3772 bibit.
822 3731 886 3796 pag.
901 3721 966 3774 θοι.

203 3807 268 3871 pag.
285 3794 352 3850 θοι.
711 3797 724 3830 ‘
742 3791 814 3854 ibid.
