2956 4558
691 70 697 106 l

299 285 525 412 Ecclfiastic.
539 297 708 381 Codicum
718 287 998 403 Uonuptoribm.
1051 311 1128 410 383

196 416 367 503 omnino
387 436 542 504 certum
569 409 668 492 mihi
699 409 859 490 videtur
878 418 916 492 δι
945 413 1129 526 explora-

200 549 286 607 tum
300 595 311 628 ,
325 523 432 605 male
447 552 540 604 cum
561 548 609 604 eo
625 517 921 625 confundatur,
935 529 1046 636 quod
1060 556 1134 642 po.

152 636 361 722 ³-testeffe
379 633 896 744 controversquuaerere
917 640 1024 718 enim
1044 638 1132 751 pos.

203 747 333 832 l'umus
364 781 393 833 1.
416 754 482 832 An
510 747 855 860 quemadmodum
891 750 1138 833 Hincmarus

203 865 360 967 tradit,
381 857 715 976 Aquisgranenses
742 860 861 942 sancti
884 860 1033 942 Hilarii
1056 864 1139 943 Co.

207 977 316 1057 dices
338 1002 383 1058 re
409 973 494 1086 ipsa
519 970 696 1054 :lFelice
724 971 966 1086 Orgelitano
991 971 1143 1060 fuerint

204 1087 434 1170 adulterati.
462 1119 494 1167 2.
516 1086 584 1166 An
603 1082 771 1165 verbum
787 1085 1011 1192 adoptatur,
1030 1089 1144 1200 quod

205 1199 315 1284 Felix
327 1203 370 1280 in
380 1193 716 1310 Aquisgranenses
728 1191 902 1280 Codices
912 1193 1068 1311 perfide
1080 1208 1141 1284 in-

207 1313 348 1416 duxit,
367 1315 409 1391 iu
431 1309 586 1422 aliquot
616 1307 783 1388 minimi:
802 1309 1037 1394 adulteratis
1065 1313 1144 1396 Hi-

207 1422 296 1506 larii
316 1419 609 1535 exemplaribus
629 1418 775 1504 ledum
796 1419 919 1505 fuerit
934 1447 1028 1506 ante
1045 1425 1145 1508 Feli-

205 1541 262 1616 cis
279 1540 475 1648 tempora.
494 1563 526 1639 3.
544 1539 583 1617 si
606 1533 717 1616 forte
740 1537 995 1618 variaverunt
1018 1537 1144 1622 Codi-

208 1677 297 1754 ces,
314 1649 461 1761 aliique
480 1649 704 1754 adoptatur,
721 1645 789 1728 alli
807 1647 986 1728 adoratur
997 1647 1147 1736 habue-

205 1785 328 1864 runt,
348 1785 439 1842 utra
456 1760 574 1843 lectio
604 1761 772 1867 judicari
792 1757 940 1841 debeat
960 1767 1144 1873 genuina.

209 1879 374 1987 Quippe
402 1873 492 1954 fieri·
523 1875 690 1984 potuit,
715 1895 760 1952 ut
792 1871 904 1954 Felix
932 1873 1038 1954 malal
1065 1874 1145 1960 fide

161 1982 167 1994 '
209 1981 545 2098 Aquisgranenses
566 1983 741 2064 Codices
760 1982 924 2088 raserit,
947 1991 1148 2071 &tamen

208 2098 293 2208 ejus
318 2099 434 2180 leuto
466 2093 616 2182 srncera
644 2092 716 2198 lit,
741 2117 865 2208 atque
888 2115 1080 2213 excerpta
1097 2127 1148 2184 ex

207 2208 524 2292 accuratioribus
543 2233 590 2290 ac
606 2207 884 2292 vetustioribus
901 2209 1070 2294 aliarum
1090 2239 1150 2299 re

209 2327 378 2437 gionum
400 2319 705 2436 exemplaribus,
739 2323 867 2435 Igitur
895 2321 950 2405 ad
973 2329 1150 2520 primam

211 2436 471 2546 quaestionem
492 2434 604 2548 quod
625 2431 797 2548 speetat,
820 2459 972 2520 conten
1002 2467 1054 2544 o,
1073 2467 1152 2524 nec

211 2546 314 2628 illius
335 2547 453 2650 faui,
500 2547 584 2628 uod
604 2569 742 2628 narrat
761 2549 1030 2656 Hincmams,
1049 2556 1152 2636 veri-

213 2681 339 2740 tatem
358 2658 438 2738 ulla
452 2574 600 2739 idonei
614 2661 772 2738 ratione
789 2660 832 2738 in
847 2657 1015 2744 dubium
1035 2693 1153 2749 voca-

213 2773 269 2874 ri,
280 2795 357 2852 nec
368 2763 541 2852 Felicem
553 2765 605 2849 ab
614 2767 936 2853 adulteratorum
953 2771 1150 2860 librorum

213 2885 383 2964 crimine
411 2879 572 2964 liberari
596 2875 715 2995 polle.
735 2881 962 2995 Utramque
979 2884 1150 2971 alteram

215 2996 472 3108 questionem
488 2992 622 3076 fateor
633 2989 708 3076 else
720 2993 841 3108 paulb
857 2993 1126 3082 obscuriorem
1141 3033 1151 3082 r

215 3130 354 3192 tamen
373 3133 418 3191 re
441 3105 655 3222 diligenter
673 3105 855 3214 excussb,
874 3105 999 3192 visum
1023 3113 1079 3196 est
1105 3114 1152 3196 sr-

215 3221 348 3304 milius
367 3245 491 3324 vero,
517 3219 657 3302 Felicis
677 3218 841 3333 quidem
863 3215 1061 3336 spuriam,
1079 3225 1150 3308 Al·
1202 3259 1205 3266 ’

215 3339 323 3416 cuini
351 3357 487 3416 autem
518 3341 558 3416 δι
583 3337 798 3416 Hiucmari
829 3333 1042 3420 lectionem
1074 3337 1151 3422 elle

216 3449 445 3560 genuinam.
474 3450 578 3556 Quae
606 3451 743 3526 omnia
769 3443 996 3558 priusqudm
1030 3447 1151 3533 firsrits

217 3559 398 3674 disputo,
412 3556 529 3642 sandi
545 3557 693 3642 Hilarii
709 3557 844 3640 locum
858 3625 870 3662 ,
885 3560 937 3650 de
957 3591 1038 3674 quo
1049 3588 1151 3656 con.

218 3675 477 3780 trovertitur,
493 3676 693 3786 integrum
708 3668 777 3752 hlc
786 3698 1015 3786 proponere
1025 3677 1150 3787 juvat.

577 3930 620 4002 D
723 4003 728 4014 .
