3036 4592
379 327 426 430 58
612 327 679 405 De
692 319 1097 404 wmbaesffmnus
1168 351 1188 362 ·’

377 427 556 515 fabulam
573 428 685 512 iliam
705 457 859 516 temere
877 429 928 514 ab
950 434 1161 516 Haereticis
1183 435 1313 518 Evan-

377 540 485 659 gelio
506 543 674 636 Mathaei
694 541 859 628 affutam
879 543 1026 650 refert,
1053 573 1140 662 quae
1155 545 1315 632 inducie

377 653 581 737 Christum
596 657 825 743 Dominum
833 656 968 744 adhuc
983 684 1151 772 puerum
1174 657 1316 740 adver⁴

375 763 441 848 iius
458 765 777 884 ludimagistrum
806 767 1073 884 disputantem
1099 770 1152 852 de
1179 763 1313 882 potes.-
1382 799 1384 802 ·

375 901 460 962 tate
483 878 777 965 elementorum
805 883 840 968 A
871 892 912 965 &
940 888 1005 989 35
1033 905 1312 966 commentum

280 1070 283 1080 .
372 989 485 1096 hoc,
511 993 625 1183 ‘¹1⁰0d
651 991 753 1077 falsi>
777 1005 818 1078 δι
844 994 951 1078 mali
973 994 1054 1080 fide
1073 989 1314 1110 quibusdam

371 1127 517 1216 exemp
534 1103 665 1186 aribus
695 1104 886 1191 insertum
910 1105 1073 1214 fuerat,
1113 1131 1234 1196 vocat
1265 1102 1315 1186 τὰ

370 1209 596 1320 ᾔᾳὴίρμμω.
616 1217 736 1303 Unde
750 1243 906 1304 certum
916 1219 1101 1304 redditur
1115 1215 1314 1324 ῥᾳῇεψργῶ

372 1326 888 1435 πὲθᾶαλόκι,ηοιηίὶυάα
916 1333 1310 1447 udIrenaeumsrgni.

370 1441 638 1558 ficare,quim
648 1440 861 1530 subdolam
887 1445 1169 1532 acritexnisde
1199 1472 1315 1528 rava-

371 1559 553 1665 tionem3
571 1582 648 1639 nec
665 1559 794 1674 accipi
819 1554 967 1639 debere
1020 1586 1066 1639 ro
1081 1475 1313 1650 aduiierinn

371 1663 501 1752 sensus
524 1665 800 1786 expositione,
816 1667 887 1752 nisi
905 1664 1017 1751 forte
1034 1669 1080 1750 id
1098 1669 1313 1754 manifeste

370 1785 509 1896 exigat
524 1784 671 1866 annexi
700 1777 890 1866 sermonis
916 1805 1129 1868 contextus
1153 1809 1201 1864 ac
1220 1809 1311 1863 ver-

371 1889 518 1982 borum
534 1895 662 1980 series.
691 1893 820 2008 Atqui
836 1894 918 1977 hoc
936 1896 977 1976 in
995 1893 1091 1976 loco
1105 1891 1311 2004 hujusmo..

370 2003 572 2090 ditinum
595 2035 643 2090 ac
663 2004 779 2091 causa
801 2005 997 2118 pretendi
1022 2005 1133 2090 nulia
1151 2011 1314 2094 ratione.

368 2116 528 2232 potest:
545 2121 743 2232 quinimo
762 2117 958 2200 librorum
975 2122 1115 2202 Irenaei
1132 2118 1247 2204 series
1267 2126 1311 2202 &u
1380 2133 1386 2142 “

367 2229 477 2312 ordo
507 2230 618 2315 aliud
650 2233 821 2312 omnino
849 2229 1111 2318 demonstrat.
1144 2235 1311 2346 Quippe

367 2367 524 2426 certum
541 2344 598 2428 est
613 2340 886 2432 sanstiffimum
896 2345 1148 2454 Martyrem,
1163 2371 1312 2427 eorum

367 2454 422 2539 de
445 2456 587 2570 quibus
606 2459 762 2540 asturus
787 2480 898 2560 erat,
924 2457 1225 2540 Haereticorum
1242 2461 1311 2540 in-·

365 2575 529 2762 {eninm
545 2578 586 2655 &
604 2594 740 2652 mores
751 2567 980 2652 summatim
999 2571 1042 2652 in
1066 2567 1310 2652 Praefanone

397 2680 611 2788 escribere,
631 2679 798 2798 perfidis
820 2707 870 2765 ue
896 2678 1126 2764 hominibus
1149 2707 1198 2766 ea
1217 2680 1311 2764 stri-

368 2797 464 2878 &im
482 2795 727 2912 exprobrare
746 2711 915 2898 sciiem,
933 2822 1020 2906 quae
1035 2792 1171 2908 postea
1184 2792 1309 2878 fufius

371 2932 490 2991 erant
506 2907 775 3024 exagitanda:
797 2907 877 3014 jam
894 2906 992 2990 verb
1005 2931 1128 2990 nemo
1147 2935 1232 2989 non
1248 2904 1313 2992 fa„

370 3041 506 3104 teacur
520 3046 612 3104 toto
629 3019 764 3137 paffim
775 3021 819 3102 in
836 3044 959 3134 opere
978 3022 1181 3132 geminam
1198 3016 1307 3102 hanc

368 3133 668 3220 Haereticorum
702 3132 890 3216 fraudem
921 3130 976 3216 ab
1005 3137 1034 3222 i
1119 3135 1310 3244 coargui,

370 3247 483 3357 quod
503 3251 714 3362 Scripturae
727 3249 854 3330 Sacrae
870 3252 911 3328 δι
931 3240 969 3335 se
1014 3271 1082 3326 um
1101 3269 1227 3356 prava
1246 3249 1307 3325 in.

371 3367 662 3473 terpretatione
695 3357 927 3444 subvertant
945 3421 975 3462 ,‚
991 3364 1032 3443 δι
1057 3351 1181 3438 verba
1211 3352 1305 3440 ausu

370 3480 587 3560 temerario
608 3471 901 3558 circumcidant
920 3494 1045 3580 atque
1062 3465 1308 3554 adulterent.

372 3584 624 3672 Postremum
640 3586 722 3669 hoc
747 3614 772 3668 a
800 3583 888 3670 erte
910 3579 1112 3676 Marcioni
1136 3584 1178 3663 in
1199 3581 1306 3664 libro

358 3701 748 3816 ‘primuiein'tertio
809 3695 899 3813 pitis
912 3691 1063 3805 objicit.
1086 3693 1195 3780 cum
1205 3720 1315 3810 ergo.

1504 2749 1507 2846 i
