3020 4564
305 319 530 449 Ecclefiastic.
545 331 716 419 codicum
728 319 1005 438 Corrupto'ribm.
1075 334 1119 441 83

185 435 444 532 observanda.
477 477 505 530 ιι
537 450 794 529 Marcionem
817 466 939 557 atque
968 453 1124 560 eosqui

188 590 279 642 curn
301 557 382 676 ipso
404 555 629 661 senserunt,
654 555 880 672 pestiferam
912 558 935 636 'c
958 563 1126 641 Simonis

190 679 304 786 Magi
325 673 460 754 scholi
474 672 696 752 doctrinam
718 667 892 750 haufiffe.
913 703 944 750 2.
960 669 1054 751 Illos
1075 671 1126 773 ed

191 783 387 868 devenisse
421 781 461 865 so
491 782 609 866 erbiae
635 803 758 891 atque
784 778 988 885 stulticie,
1016 805 1062 874 ut
1090 781 1128 865 se
1167 805 1171 812 ·

189 896 390 1011 Apostolis
415 811 503 1009 ipds
528 896 749 976 veraciores
768 891 1129 1005 prudentioresque

190 1010 388 1092 dicerent.
404 1039 436 1112 3b
453 1009 553 1090 Non
571 1003 668 1086 alios
684 1001 735 1084 ab
749 1003 837 1117 ipsis
853 1003 1038 1088 admissos
1053 997 1130 1087 edu

191 1125 287 1204 novi
301 1119 551 1204 Testamenti
564 1115 708 1218 libros,
730 1115 1130 1233 qutimEvangelium

191 1230 412 1317 secundom
434 1233 587 1312 Lucam
607 1235 647 1310 δι
668 1227 779 1309 Pauli
799 1227 999 1342 Epistulas.
1019 1261 1061 1336 4.
1082 1235 1132 1314 In
1164 1231 1168 1238 '

195 1345 257 1426 his
269 1343 359 1454 ipfis
369 1341 499 1442 libris,
521 1367 620 1451 quos
633 1339 921 1446 admittebant,
946 1343 1131 1455 quaedam

195 1449 455 1552 adulteraffe,
476 1451 656 1562 quaedam
676 1451 912 1566 expunxiffer
932 1487 961 1564 5.
982 1453 1132 1537 Potuis.
1163 1459 1167 1468 ’

197 1562 235 1646 se
251 1561 342 1644 illos
359 1567 572 1678 impietatis
587 1569 700 1678 argui
719 1574 759 1647 ὃ(
778 1570 987 1669 convinci,
1006 1567 1070 1648 vel
1082 1586 1133 1648 ex

199 1680 329 1788 parvis
346 1679 453 1760 Sacri
472 1677 605 1759 textds
621 1676 820 1786 reliquiis,
838 1703 937 1786 quas
958 1682 1134 1758 retinue-

197 1811 313 1870 rant:
339 1812 460 1901 atque
472 1789 553 1868 boc
568 1785 788 1896 aliquando
807 1785 992 1899 ringulari
1010 1812 1134 1898 opere

197 1898 564 1980 demonstraturum
575 1899 611 1977 ie
626 1893 796 1977 Irenaeus
807 1893 987 2010 spondet.
1008 1897 1135 2011 Qrod

198 2032 335 2092 tamen
352 2039 471 2123 opus,
494 2008 557 2091 vel
569 2035 789 2120 numquam
804 2007 958 2090 editum
974 2010 1052 2116 ost,
1071 2009 1136 2095 vel
1201 2019 1203 2028 '

198 2121 321 2237 plane
341 2126 470 2234 periit.
1162 2141 1167 2150 ·

237 2237 416 2320 Eandem
425 2235 646 2318 Marcionis
656 2235 698 2314 in
709 2233 1136 2347 interpolandisEvan·

191 2431 194 2438 ,
226 2345 305 2428 elio
330 2341 550 2429 secundum
586 2347 737 2428 Lucam
764 2363 886 2458 atque
915 2347 1027 2429 Pauli
1044 2353 1136 2464 Epi.

199 2375 307 2540 {olis
328 2459 605 2572 impudentem
631 2456 840 2537 audaciam
863 2455 995 2571 saepius
1019 2483 1138 2546 notat
1178 2473 1182 2478 '

200 2570 471 2656 Tertullianus
496 2575 538 2649 in
556 2569 660 2650 libro
677 2591 822 2682 quarto
838 2563 1027 2653 adversus
1045 2599 1139 2656 eun-

202 2682 298 2766 dem
326 2686 592 2765 Marcionem.
624 2679 783 2791 Tranfi‘o
807 2711 922 2778 nnnc,
950 2688 1082 2798 inquit
1098 2699 1163 2790 ²,‘

200 2796 256 2880 ad
272 2793 489 2906 Evangelii,
502 2793 595 2907 sani
609 2821 675 2874 non
691 2791 842 2898 Judarcr
853 2856 867 2891 ,
882 2792 951 2908 sid
969 2807 1140 2894 Pontici,

1 2893 5 2916 ⁸
89 2981 92 2986 .
198 2920 345 2992 interim
361 2904 564 2986 adulterati
583 2907 920 3014 demonstrationem.
936 2966 944 2991 .
959 2977 988 2992 ..
1014 2907 1142 2991 Dein*

202 3019 399 3104 dedocet
419 3016 578 3100 titulum
598 3017 723 3130 ipsum
745 3020 941 3133 Evangelii
949 3021 1142 3134 strunddm

202 3148 381 3230 Lucam,
407 3127 458 3213 ab
493 3129 841 3212 inconstantiffimo
863 3130 1142 3232 Haerefiarcha
1203 3169 1207 3178 ·

205 3244 389 3328 deletum
417 3237 504 3327 effe.
523 3279 549 3319 ιι
570 3246 780 3347 Marcion,
802 3249 845 3326 in
876 3251 934 3326 uit
950 3246 966 3294 b
985 3310 997 3349 ,
1014 3247 1139 3327 Evan.
1162 3285 1189 3330 n

198 3355 336 3476 gelio,
355 3351 504 3441 scilicet
522 3354 612 3460 suo,
629 3353 783 3436 nullum
798 3273 989 3460 adcribir
1004 3361 1135 3440 aucto.
1162 3403 1188 3443 n

196 3493 317 3570 rem,
338 3469 444 3578 quasi
457 3498 540 3551 non
557 3468 715 3549 licuerit
730 3465 788 3546 rllr
804 3469 966 3550 titulum
978 3493 1139 3584 quoque
1162 3509 1188 3554 n

221 3663 240 3698 ⁸
255 3671 334 3719 num.
345 3677 373 3716 a.
385 3653 457 3718 Edit.
474 3661 574 3740 Rigalt.
590 3680 654 3742 pag.
671 3666 681 3818 Ι
719 3655 817 3722 bibid·
830 3675 894 3746 pag.
911 3677 970 3739 503.

200 3757 275 3824 '⁰²'
907 3825 933 3904 1³
964 3825 990 3934 ij
