2896 4562
371 365 451 448 590
601 332 859 422 Devetmbus
872 342 1085 432 ‚Hernicis

372 453 431 532 vis
447 444 556 532 recto
572 444 788 546 senserint,
807 447 1072 532 incommode
1088 471 1226 533 tamen
1238 442 1314 532 lint

372 559 528 665 locuti,
557 561 713 646 temero
735 586 784 643 ac
817 558 919 642 falsd
946 560 1095 649 statuit,
1114 560 1314 666 Rufinus,

372 673 487 786 quod
492 673 536 786 fi
547 674 640 784 quid
651 687 690 756 in
706 671 811 754 libn‘s
825 701 940 754 eorum
958 675 1173 780 (Patrum)
1190 698 1327 756 contra·

372 785 655 899 Ecclefiasticam
664 785 782 892 fidem
800 797 1005 884 invenitur,
1022 786 1067 867 id
1076 799 1114 868 in
1131 810 1244 868 enum
1261 785 1315 866 ab

371 909 432 984 H
430 912 582 980 aereticis
593 911 741 1005 potius,
760 894 871 1010 qndm
891 897 941 979 ab
958 900 1079 1005 huip
1090 927 1124 980 ts
1137 899 1316 1014 scriptum

366 1033 524 1120 putetur.
545 1015 697 1124 Neque
716 1014 824 1095 enim
839 1008 936 1094 licet
949 1011 1019 1094 ulli
1038 1008 1067 1092 li
1096 1039 1144 1091 ro
1158 1010 1316 1094 accuso

372 1119 953 1226 tionemfalsiinferre,nis1de
981 1127 1232 1208 ravationcm
1253 1151 1315 1208 re-

371 1235 455 1351 ipsd
469 1234 616 1320 factam
636 1233 718 1321 fide
733 1235 931 1352 dignosce
966 1241 1022 1342 is,
1042 1235 1107 1319 vel
1122 1241 1228 1320 ratio
1246 1236 1316 1320 de·

371 1348 580 1433 monstret.
614 1417 645 1474 ,

424 1460 523 1572 Qud
538 1485 675 1544 autem
696 1460 741 1542 id
757 1463 915 1542 ratione
934 1458 1200 1544 demonstrari
1221 1459 1313 1574 pos.

369 1569 450 1678 fit,
479 1573 698 1687 prudentes
714 1571 857 1656 Critici
882 1596 1046 1654 norunt.
1082 1571 1209 1658 Certo
1240 1573 1314 1656 ali-

368 1683 538 1798 quando
555 1713 649 1768 cum
670 1688 716 1767 iis
767 1709 825 1767 uae
847 1681 1096 1770 antecedunt
1118 1691 1160 1769 δι
1182 1683 1313 1770 subse-

369 1821 572 1910 quuntur,
590 1821 675 1880 tam
695 1713 804 1880 mille
821 1796 1000 1879 cohaerct
1013 1791 1158 1880 assutus
1174 1796 1314 1904 locus,

350 1911 417 1991 ¹ut
441 1909 660 2028 legentium
690 1910 816 1994 oculis
843 1903 920 1992 sese
948 1907 1057 1992 ultrd
1087 1905 1194 1993 fraus
1230 1913 1316 2026 ipsa

368 2023 531 2136 prodat.
552 2026 690 2137 Atque
719 2022 801 2106 hoc
823 2027 882 2106 ita
908 2019 1006 2103 olim
1030 2019 1238 2136 contigisse
1269 2029 1312 2106 in

368 2133 609 2247 quibusdam
634 2138 825 2251 Origenis
846 2130 1042 2249 opusculis
1056 2159 1069 2238 ,·
1085 2161 1312 2251 anonymus
1436 2229 1437 2262 Ν

368 2251 500 2358 quinti
514 2245 645 2328 'sicculi
660 2253 840 2360 Scriptor
851 2247 1026 2331 affirmat
1039 2251 1083 2329 in
1095 2245 1222 2352 libro,
1270 2252 1312 2332 ui

317 2397 344 2444 o
367 2360 651 2466 praedestinatus
669 2357 907 2440 inscribitur.
924 2397 949 2434 ιι
969 2361 1054 2552 &di
1079 2357 1161 2444 sani
1182 2279 1312 2444 sensus

253 2483 262 2502 ⁶
318 2513 344 2554 o
368 2468 453 2574 est,
476 2473 640 2584 inquit²
660 2539 673 2575 ,
690 2477 732 2556 &
750 2468 875 2554 habet
892 2467 1001 2584 splen
1032 2470 1123 2554 idos
1143 2472 1314 2578 oculos,

318 2626 344 2667 η
369 2582 422 2666 fic
441 2583 555 2668 videt
572 2584 715 2669 addito
729 2589 771 2667 in
794 2585 984 2699 Origenis
1005 2583 1201 2697 opusculis
1225 2613 1313 2670 ma-

319 2740 344 2782 „
368 2693 522 2803 lnista,
542 2722 673 2811 atque·
687 2692 915 2813 cognoscit,
930 2695 1119 2780 ficutfiin
1132 2695 1314 2812 stragulo

318 2853 344 2898 u
369 2814 563 2894 coccineo
582 2838 736 2925 pannos
755 2807 870 2893 albos
894 2832 967 2918 put
992 2807 1108 2921 cujus
1128 2837 1178 2894 ue
1207 2812 1313 2897 alte-

317 2966 344 3010 o
367 2925 447 3004 rius
463 2921 611 3004 coloris
627 2948 766 3006 cernat
778 2919 949 3005 adsutos.
964 2959 989 2996 o
1004 2839 1132 3032 Quod
1148 2923 1315 3008 siinter-

367 3033 466 3117 dum
486 3037 629 3144 majori
655 3059 742 3118 arte
767 3038 974 3150 compedit
993 3033 1101 3118 fraus
1119 3035 1206 3140 cst,
1232 3064 1315 3122 nec

366 3142 550 3263 septimo
566 3151 714 3232 intuitu
732 3147 873 3230 adsuta
887 3146 1026 3262 prodit
1040 3148 1206 3232 laciniaz
1225 3179 1315 3234 non
1432 3143 1433 3209 l

366 3258 511 3346 desunt
531 3263 623 3342 viris
646 3260 870 3348 Catholicis
895 3261 1103 3372 judicandi
1132 3262 1313 3376 regulae,

365 3371 509 3484 quibus
517 3369 555 3456 se
567 3372 618 3456 ab
630 3379 776 3457 erroris
789 3372 967 3489 periculo
979 3397 1179 3458 tueantur.
1192 3380 1313 3491 Quas

364 3484 522 3600 regulas
542 3486 771 3626 priusquam
796 3484 1067 3601 proferimus,
1091 3485 1312 3572 ostenden.

366 3596 465 3683 dum
486 3627 607 3712 quam
628 3629 770 3718 parum
789 3598 1013 3716 prudenter
1033 3596 1215 3708 faciant,
1236 3609 1313 3718 qui

405 3743 508 3804 'Han
520 3763 568 3820 4,.
