3018 4572
354 371 580 484 Ecclrrastic.
595 369 765 461 codicum
779 373 1057 482 Conuptoribas.
1098 405 1167 489 195

228 509 330 598 quos
344 485 472 602 legit,
498 517 583 571 non
598 512 782 572 mutuata
801 487 879 590 est,
903 515 986 570 non
1008 500 1166 604 accepit

227 597 251 678 a
267 595 429 682 falsariis
449 601 543 683 illis:
566 598 634 684 sed
656 602 752 682 ciam
766 597 847 714 ipsa
866 601 1051 682 omuibus
1067 607 1165 686 Ητ-

225 715 446 794 reticorum
458 711 565 795 sellis
576 713 622 796 lit
633 713 980 826 antiquior,pnbs
994 713 1074 828 ipsa
1083 719 1160 798 Di-

226 827 339 904 vinos
359 825 503 910 Libros
516 824 677 924 habuit,
695 821 1164 936 quamexisterentMar-

224 939 383 1041 ciones,
403 937 587 1052 Apelles,
607 935 841 1040 Theodoti,
858 945 898 1018 ὅ(
917 964 1077 1021 coeterae
1092 967 1162 1054 pe-

222 1047 319 1154 stes,
341 1079 428 1164 quae
450 1053 625 1164 perjuras
644 1075 784 1130 manus
808 1048 859 1129 ab
890 1053 1164 1164 Evangelio&

217 1159 308 1242 'aliis
328 1161 471 1244 divinis
493 1161 564 1242 scri
596 1167 644 1241 tis
665 1189 749 1242 non
765 1155 1049 1246 abstinuerunt.
1068 1167 1160 1247 Imb

216 1273 319 1356 'ciam
347 1191 634 1356 Haeresrarcllae
658 1273 883 1388 priusquam
914 1279 963 1362 in,
981 1293 1162 1359 errorem

222 1383 528 1490 dilaberentur,
553 1395 593 1470 δι
617 1385 668 1468 ab
687 1387 860 1469 Ecclefia
878 1385 1161 1494 desciscerent,

219 1495 292 1626 ipsi
311 1521 400 1610 pars
416 1497 596 1581 Ecclesia:
614 1491 786 1604 firerint,
807 1507 845 1581 δι
858 1504 900 1580 in
920 1501 1159 1598 illa'institru

220 1631 277 1715 t15
301 1607 351 1689 ab
374 1609 547 1694 Ecclelia
569 1616 708 1726 utique
756 1617 879 1692 rimos
905 1609 990 1691 suos
1014 1611 1158 1693 Libro-

220 1743 313 1828 rum'
327 1725 543 1805 Sacrorum
559 1727 718 1805 codices
728 1642 909 1803 lrabuilie
927 1719 1077 1804 necesse
1090 1721 1157 1808 cst.

215 1833 311 1940 ‘Inte
341 1865 403 1916 ros
421 1838 608 1950 quidem,
626 1835 867 1936 inviolatos,
893 1842 933 1915 &
956 1833 1091 1946 quales
1107 1835 1159 1916 ab

218 1863 421 2060 Apollolis
435 1959 474 2030 ὃ(
494 1945 707 2060 Prophetis
731 1941 865 2058 scripti
882 1943 1065 2050 fuerunt,
1091 1975 1159 2028 ac.

178 2073 181 2078 ’
217 2083 440 2170 ceperant:
468 2055 536 2142 sed
562 2082 748 2186 acceptos
771 2057 842 2171 ipsi
872 2057 1157 2172 postmodam,

212 2169 295 2280 jam
330 2197 508 2277 uejextra
522 2171 735 2254 Ecclesiam
753 2169 871 2284 positi
893 2171 1155 2256 violaverunt.

214 2197 373 2366 Verim
394 2311 463 2365 cur
489 2283 621 2366 audax
642 2281 815 2398 ipsorum
834 2281 987 2366 facinus
1005 2293 1045 2368 &
1062 2309 1155 2400 per-

214 2384 502 2483 fidiainfecille
523 2397 680 2478 dicatur
701 2394 853 2476 sacrum
875 2396 974 2477 illud
998 2397 1155 2590 depoli-

214 2531 300 2590 tum
314 2577 331 2613 ι
344 2513 455 2624 quod
472 2509 602 2592 saneti:
621 2509 691 2591 fibi
706 2511 904 2590 creditum
916 2509 1045 2613 ,sanct
1091 2539 1155 2591 cu-

214 2619 380 2704 stodivit
397 2623 571 2706 Ecclefia
594 2631 634 2705 &
652 2621 853 2704 illibatum
874 2621 1062 2704 haelenus
1075 2650 1154 2728 cu-

213 2731 348 2816 stodit.
446 2757 451 2766 ·
762 2755 805 2762 ··

268 2848 466 2928 Poterant
484 2855 634 2958 crgo&
653 2843 858 2927 debebant
877 2869 1031 2928 veteres
1053 2845 1151 2928 Hae-
1252 2949 1262 2956 .

181 3003 184 3010 ,
211 2963 328 3042 retici
344 2958 623 3072 magistrorum
653 2953 812 3039 suorum
840 2957 1045 3038 codicibus
1072 2955 1149 3040 dif-

212 3069 368 3178 fidere,
404 3071 499 3154 ciam
526 3067 672 3174 scirent
709 3099 758 3153 ex
789 3073 834 3151 iis
862 3069 993 3183 plures
1025 3069 1149 3150 auda-

213 3183 363 3268 cillrmae
384 3190 425 3267 in
441 3182 715 3280 adulterandis
740 3187 865 3266 Sacris
882 3185 1044 3265 Litteris
1062 3209 1149 3296 per-

212 3291 316 3378 fidia
335 3295 537 3380 accusatos
548 3293 934 3398 fuissenconvictos.
954 3297 1031 3377 Sed
1047 3293 1145 3404 ejus.

65 3429 74 3448 *
213 3409 326 3489 modi
346 3409 569 3494 diffidentia
588 3399 744 3490 non'm'fi
759 3407 878 3490 stulte
894 3431 1057 3523 poterat
1072 3409 1147 3492 Cs-

211 3519 458 3602 tholicorum
486 3547 640 3605 mentes
659 3515 845 3602 incellsre
867 3588 878 3623 ‚
901 3519 994 3600 ciam
1021 3528 1145 3635 magi·
1236 3547 1240 3578 ¹

210 3631 330 3714 stram
357 3633 809 3736 habeant'Eccleliam,
838 3661 924 3744 quae
950 3633 972 3714 a
1000 3638 1146 3747 Spiritu

209 3745 342 3831 lando
362 3752 548 3862 regitur,
575 3777 661 3861 quae
692 3751 903 3829 Sacrorum
932 3745 1147 3831 Librorum

889 3861 982 3970 Nil
