2896 4562
263 331 267 335 ,
321 251 442 354 568.
546 255 611 331 De
626 245 808 329 veteribus'
823 243 1037 332 Haereticis'
1211 351 1216 356 ι

271 377 297 428 ’5
320 374 473 471 puto²,
494 359 647 471 inquit,
664 385 820 472 apertas
840 366 1008 476 ineptias
1030 351 1262 466 confutare,

173 493 175 498 ·
271 493 298 540 υ
353 493 447 551 uum
459 470 560 551 mihi
581 498 672 553 mea
688 476 893 586 ingeratur
908 471 1081 574 fabella,
1099 474 1121 555 ἃ
1139 480 1262 587 Syno-

273 611 299 655 u
323 499 377 662 lo
393 581 605 686 videlicet,
625 591 665 666 δι
685 582 754 666 sub
771 590 936 667 nomine
951 585 1152 696 cujusdam
1166 591 1262 668 ami.

273 725 300 769 u
322 700 359 775 ci
376 695 542 776 Damasi
560 699 757 779 Romanae
775 697 882 779 urbis
898 697 1034 810 Episco
1064 701 1118 800 ie
1149 729 1173 778 o
1196 725 1262 810 pe-

273 837 299 880 n
322 827 410 910 tar,
430 812 493 888 cui
513 807 581 889 ille
601 805 886 890 Ecclefiasticas
903 725 1092 922 Epistulas
1113 727 1261 892 ‹lictan-

272 950 299 990 υ
322 918 392 999 das
408 919 601 1024 tradidit3
618 930 657 1002 &
668 920 1066 1032 Apollinarianorum
1083 920 1259 1024 versutiae

273 1059 299 1104 ⁵2
326 1029 623 1135 describantur,
641 1032 754 1145 quod
778 1032 985 1115 Athanafii
1002 1033 1172 1137 librum,
1192 1033 1261 1116 ubi

273 1174 300 1214 n
322 1153 539 1229 Dominicus
559 1141 658 1224 homo
685 1139 848 1258 scriptus
867 1143 949 1247 est,
969 1145 1022 1226 ad
1040 1145 1259 1259 legendum

245 1313 251 1324 .
273 1287 300 1328 n
322 1282 417 1337 acce
447 1281 532 1337 tum
553 1259 611 1336 ita
628 1261 879 1370 corruperint
896 1325 907 1361 ,
926 1262 1029 1339 utin
1052 1257 1171 1341 litura
1189 1258 1258 1362 id,

272 1398 299 1438 ν»
324 1283 444 1480 quoel
463 1366 654 1471 raserint,
674 1367 808 1450 rursus
834 1366 1075 1474 scriberent,
1096 1394 1140 1452 ut
1158 1369 1258 1452 stili-

272 1512 299 1551 u
322 1503 387 1560 cet
408 1507 492 1562 non
512 1480 563 1561 ab
586 1479 662 1562 illis
688 1479 896 1586 falsatum,
916 1480 982 1563 sed
1010 1481 1036 1568 ὰ,
1059 1509 1125 1564 me
1143 1483 1258 1565 addi-

248 1621 299 1664 „,
323 1615 408 1673 tum
433 1616 652 1705 putaretur.
670 1591 813 1707 Qiaeso
842 1617 912 1698 te,
934 1589 1063 1722 amice
1088 1595 1256 1678 chariffi-

271 1732 298 1773 υ
323 1728 415 1809 me,
432 1729 477 1786 ut
494 1709 536 1786 in
556 1703 829 1788 Ecclesiasticis
847 1705 1100 1811 trallatrbus,
1120 1706 1189 1790 ubi
1207 1707 1258 1791 de

273 1847 299 1896 u
311 1821 471 1899 uirtute
488 1816 727 1930 dogma‘n
744 1823 955 1931 quaeritut,
973 1817 1043 1900 ubi
1064 1821 1116 1902 de
1137 1817 1259 1904 salute

272 1961 299 2000 u
321 1933 546 2012 animarum
573 1925 798 2013 nostrarum
824 1935 1031 2043 Majorum
1055 1931 1258 2047 flagitatur

272 2073 299 2116 n
322 2045 568 2143 auctoritas,
604 2040 879 2154 hujuscemodi
906 2043 1169 2135 deliramenta
1198 2045 1258 2127 di-

271 2181 298 2222 ’θ
320 2158 457 2238 mittas
474 2221 486 2257 ,
503 2161 544 2236 &
562 2156 825 2267 prandiorum
842 2182 1129 2268 toenarumque
1147 2155 1261 2236 fabu-

270 2296 298 2336 »ι
319 2265 377 2347 las
391 2294 465 2380 pro
481 2293 720 2379 argumento
732 2295 814 2346 non
829 2289 963 2348 teneas
976 2269 1162 2349 veritatis.
1174 2269 1260 2348 Fie-

271 2407 298 2448 u
322 2382 354 2460 ri
374 2383 481 2461 enim
498 2379 655 2492 potest,
674 2403 717 2458 ut
734 2377 884 2468 etiamsi
902 2377 924 2456 l
942 2403 1007 2459 me
1027 2403 1165 2458 verum
1186 2405 1256 2461 au-

240 2549 247 2563 .
269 2519 296 2560 ²³
321 2489 433 2595 disti,
452 2491 552 2574 alius
572 2493 639 2602 qui
656 2488 769 2596 hujus
791 2492 850 2570 rei
872 2491 1032 2602 ignarus
1049 2487 1128 2595 est,
1146 2490 1258 2574 dicat

270 2605 343 2698 »a
380 2628 421 2686 te
451 2603 527 2688 effe
558 2630 648 2684 com
679 2602 854 2707 osrtum23
882 2609 924 2684 &
951 2602 1060 2714 quasi
1091 2608 1259 2685 mimum

241 2780 244 2788 f
270 2745 297 2786 ’³
319 2715 560 2801 Philistionis
575 2783 587 2816 ,
605 2629 676 2796 vel
691 2714 853 2798 Lentuli
874 2741 922 2797 ac
944 2714 1130 2799 Marcelli
1157 2716 1254 2798 stro-

256 2823 296 2903 'n
318 2829 443 2945 pham
452 2829 627 2942 eleganti
638 2825 817 2912 sermone
829 2826 1162 2940 confictamQuo
1173 2858 1257 2911 non

270 2973 295 3012 »ο
319 2947 526 3057 perveniat
547 2936 667 3022 semel
688 2937 894 3022 effraenata
913 2945 1143 3023 temeritas?
1164 2941 1257 3024 Post

269 3084 295 3136 u
319 3057 780 3138 excommunicationem
794 3052 968 3156 Hilarii,
987 3051 1075 3168 post
1092 3057 1257 3166 Cypria—

269 3199 294 3238 »
317 3174 358 3250 ui
372 3161 841 3276 lullmpgupuhaereseos
854 3165 1122 3279 librum‚post
1133 3168 1258 3249 Atha-

270 3313 295 3352 »
317 3283 413 3366 nasii
442 3310 508 3364 me
529 3285 776 3365 dormitante
805 3276 966 3360 lituram
991 3277 1103 3360 simul
1130 3288 1168 3361 &
1194 3285 1254 3360 in-

269 3427 294 3464 u
316 3392 598 3510 scriptionem,
620 3395 751 3508 erupit
772 3390 991 3504 aliquando
1014 3416 1157 3476 contra
1179 3395 1255 3474 Pa-

269 3537 294 3584 u
317 3537 411 3623 pam
431 3507 763 3625 Epiphaniam...

340 3657 446 3740 ‘Apol
459 3655 523 3719 adv·
538 3652 660 3716 Rufilib.
673 3675 700 3740 ι.Ι
711 3670 781 3712 tom.
798 3671 827 3722 4·
837 3667 901 3730 pag.
918 3665 984 3722 4¹5·
