3012 4574
354 331 434 413 294
586 304 842 392 Devrtert'bus
857 311 1065 391 Haerrticit

300 435 325 478 ⁵³
353 415 654 531 quamplurimis
677 421 720 498 in
745 435 903 500 tantum
928 421 1141 502 veritatem
1165 434 1287 527 atque

299 547 324 590 ²³
351 527 620 641 aequalitatem
635 531 846 612 Trinitatis
861 527 1079 631 defendat,
1098 550 1144 608 ut
1164 531 1290 644 impe-

297 657 325 702 ‘2
352 640 555 723 ritioribus
582 639 801 752 quibusque
828 647 948 724 etiam
975 638 1195 724 secundiani
1220 641 1288 722 Sa-

298 768 324 816 ‘2
354 752 518 837 bellium
539 746 687 838 sensisse
709 753 916 861 videatur3
942 757 984 836 in
1006 751 1066 834 his
1087 771 1225 836 tamen
1242 748 1290 831 li-

221 879 224 886 '
299 884 325 926 2³
355 865 433 948 bris
457 866 558 962 suis,
585 891 685 978 quos
709 863 900 948 adversus
922 863 1083 948 sabellii
1110 859 1290 946 haerefim

300 985 325 1040 '²⁵
353 976 510 1080 scribit,
532 976 629 1060 talia
656 980 915 1061 inveniuntur
937 974 1106 1082 inserta,
1134 997 1180 1060 ut
1211 973 1290 1056 fre-

299 1107 326 1152 ‘2
354 1116 524 1202 quenter
540 1089 680 1172 Ariani
697 1093 934 1180 ausiotit'ate
955 1077 1071 1206 ipsius
1093 1088 1131 1172 se
1156 1085 1290 1172 defen-

300 1226 325 1266 υ
354 1203 450 1286 dere
468 1227 677 1286 conentur.
707 1201 885 1315 Propter·
897 1201 1010 1316 quod
1029 1209 1070 1287 &
1085 1203 1121 1288 A
1138 1196 1291 1314 Episco-

301 1337 325 1375 22
353 1338 424 1430 pus
454 1314 693 1398 Athanasius
715 1339 807 1396 com
838 1311 940 1402 uisus
969 1313 1026 1400 est
1049 1311 1288 1429 Apologeti-

301 1450 326 1489 ‘³
354 1453 446 1520 cum
464 1453 539 1542 pro
556 1427 667 1510 libris
685 1425 766 1539 ejus
789 1342 986 1512 sinuare:
1011 1455 1086 1543 pro
1101 1453 1151 1511 eo
1176 1424 1291 1538 quod

301 1563 326 1600 ’³
353 1563 486 1626 certus,
500 1538 610 1644 er'at,
630 1567 715 1620 non
729 1536 844 1623 ilium
858 1535 1012 1625 diverse
1025 1536 1192 1654 putuisse
1205 1530 1290 1621 seii-

301 1676 327 1712 ‘2
353 1654 452 1755 tire,
482 1650 634 1766 sibique
657 1649 726 1766 ipsi
754 1656 958 1754 contraria
983 1651 1187 1736 scribere:
1221 1646 1290 1732 sed

302 1789 327 1826 ²·
353 1763 467 1876 quiid
482 1763 628 1847 inserta
644 1762 771 1848 haer
791 1763 999 1849 malevolis
1016 1761 1181 1848 nossetis
1209 1759 1291 1846 Ubi

351 1874 521 1962 Rufinus
551 1873 709 1960 duobus
736 1881 983 1992 argumentis
1004 1875 1153 1993 probat
1181 1873 1294 1958 adul-

351 2010 502 2072 teratos
522 1986 632 2076 fuiffe
655 1990 842 2103 Dionysi
861 1989 1128 2076 Alexandrini
1144 1988 1292 2075 libros:

349 2100 483 2216 primii
504 2105 598 2215 quia
625 2132 693 2185 non
712 2123 861 2209 poterat
889 2109 951 2186 vir
984 2128 1119 2188 tantus
1149 2097 1291 2182 diversi

341 2216 499 2328 sentire,
514 2214 663 2409 {bique
680 2216 752 2328 ipfi
761 2229 942 2299 contraria
957 2215 1111 2407 (criberr
1125 2248 1136 2290 :
1152 2210 1289 2292 seecun-

233 2371 236 2380 ·
350 2326 406 2408 ds
457 2325 511 2406 ub
554 2327 778 2439 quaedami
797 2328 956 2411 malevo
972 2327 1003 2407 is
1016 2321 1161 2408 inserta
1178 2317 1291 2404 fuisse

349 2353 520 2520 inlibris
549 2438 736 2555 Dionysii
763 2440 844 2557 ipse
869 2439 966 2522 olim
987 2440 1023 2524 S.
1049 2432 1290 2518 Athanasius

351 2549 616 2664 comperisset.
686 2555 688 2562 '

405 2664 586 2749 Primum
605 2664 770 2776 quidem
786 2661 924 2770 Rufini
940 2682 1223 2778 argumentum
1241 2663 1305 2742 ir-'

301 2816 327 2856 ii
350 2774 458 2861 ridet
470 2779 747 2890 Hieronymus
765 2781 806 2860 δι
820 2773 943 2889 ρΙαιιὲ
960 2776 1114 2887 rejicit:
1135 2807 1159 2850 n
1177 2773 1290 2854 Dum

300 2923 328 2970 ss
351 2893 489 2971 omnia
507 2888 561 2972 ad
581 2890 807 2974 Haereticos
822 2884 971 2994 refers,
988 2905 1004 2940 ⁸
1025 2891 1157 3002 inquit
1176 2883 1288 2971 Rufi-

300 3040 326 3081 n
350 3024 447 3084 num
463 2998 696 3114 alloquens,
717 3001 815 3113 quid
829 2996 1290 3108 Ecclesiasticistribues,

300 3147 327 3193 ii
351 3111 494 3226 quibus
515 3118 721 3229 proprium
750 3112 854 3196 nihil
871 3113 1088 3226 relinquis?
1113 3114 1164 3196 Et
1189 3134 1290 3224 quo,-

301 3265 326 3304 u
351 3253 391 3320 m
422 3225 502 3330 do,
519 3225 746 3338 inquies,in
758 3223 870 3310 libris
882 3251 1024 3312 eorum
1035 3218 1176 3308 vitiosa
1187 3250 1291 3306 non.

302 3379 326 3418 ‚2
350 3368 378 3424 n
424 3339 462 3423 la
482 3335 600 3424 sunt?
629 3342 668 3424 Si
692 3365 756 3424 me
776 3336 909 3424 causas
929 3340 1121 3423 vitiorum
1141 3333 1292 3422 nescire

301 3489 327 3528 n
350 3449 617 3568 respondero,
638 3479 723 3535 non
743 3451 875 3548 statim
890 3450 980 3534 illos
996 3453 1223 3536 Haereticos
1237 3449 1293 3554 ju.

302 3601 328 3644 ss
352 3563 512 3652 dicabo.
541 3568 644 3650 Fieri
663 3569 770 3650 enim
781 3562 912 3680 potest
922 3588 969 3648 ut
979 3563 1045 3648 vel
1061 3562 1291 3682 simpliciter

371 3711 384 3740 ⁸
404 3703 529 3788 Apolog.
540 3703 607 3769 arir-
624 3699 692 3768 Rus·
708 3701 758 3767 lib·
772 3724 799 3764 a.
820 3721 891 3768 tom·
905 3725 935 3779 4.
947 3723 1014 3790 pag.
1025 3715 1093 3776 ⁴05·
