3018 4572
372 357 446 436 242
584 337 649 415 De
668 329 1076 416 vetuibafflaereiui
1096 340 1103 360 “

368 457 567 558 gnitionum
585 441 693 522 libris
712 440 812 534 locu·
824 441 905 524 duo
927 508 938 544 ,
958 470 1045 553 quae
1068 444 1190 526 exhis
1210 440 1306 528 orl

372 583 492 669 genes
519 554 769 670 protulerat:
793 557 901 666 prior
923 555 1086 665 quidem
1104 560 1145 638 in
1164 556 1269 639 libro
1293 573 1308 606 ²

374 670 558 772 decimo,
578 667 683 766 alter
697 665 794 750 veri
812 671 855 746 in
873 663 978 746 libro
998 663 1164 780 septimo
1177 671 1202 750 ¹³.
1221 668 1307 750 Uni

374 781 427 864 de
443 779 652 864 manifesti
669 778 872 891 colligitur
882 791 1170 891 Recognitionum
1185 781 1309 862 libros

371 895 453 1006 jam
475 887 643 976 extitisse
656 915 775 973 aetate
798 894 1008 1004 Origenis,
1027 900 1065 974 &
1085 891 1155 974 sub
1177 893 1309 974 nomi-

374 1035 426 1088 nc
441 1005 661 1088 Clementis
675 1008 852 1087 Romani
865 1001 1176 1116 vulgatosfuille.
1198 1005 1308 1087 Cum

372 1145 470 1232 ergo
492 1116 726 1201 Eusebiusin
748 1120 877 1200 citatis
896 1115 1016 1219 locis,
1044 1117 1193 1199 velnon
1213 1139 1309 1230 agat

372 1232 426 1313 de
438 1242 726 1344 Ricognitiomm
734 1227 867 1332 libris,
888 1228 951 1310 vel
964 1227 1172 1312 manifesti:
1188 1253 1308 1334 erret,

371 1374 455 1426 nou
464 1341 594 1456 potest
605 1341 720 1444 hujus
731 1340 957 1423 testimonio
968 1341 1225 1456 comprobari
1235 1353 1309 1424 Re-

242 1471 248 1484 ⁴
283 1539 286 1546 Δ
372 1469 607 1570 cognitiomcm
627 1452 750 1532 libros
766 1450 840 1533 else
861 1450 1240 1568 Pseudepigraphos.

429 1570 518 1650 Scio
536 1564 726 1678 equidem
749 1563 963 1644 certissimis
977 1591 1021 1644 ar
1078 1573 1222 1649 mentis
1241 1567 1308 1650 de.

376 1677 589 1764 monstrari
626 1671 761 1792 posse,
807 1671 969 1756 eosdem
997 1593 1121 1758 lilios
1194 1703 1310 1762 uarto

379 1792 519 1876 saeculo
548 1799 589 1876 &
625 1787 877 1904 sequentibus
907 1787 1070 1896 reje&os
1107 1790 1164 1872 fui
1195 1817 1217 1872 e
1249 1796 1309 1872 in-

378 1930 441 1988 ter
462 1903 727 2020 apocryphos.
780 1904 892 1986 Nam
916 1909 955 1984 ὃ(
985 1903 1133 1984 Austor
1157 1907 1310 2024 Synop-

377 2019 424 2099 sis
466 2019 574 2130 apud
613 2015 876 2118 Athanasium
911 2031 1142 2098 cnumerat
1183 2029 1310 2101 Perio-

374 2131 436 2212 dos
463 2139 570 2212 Petri·
597 2133 703 2207 inter
738 2153 807 2206 eos
836 2139 925 2206 novi
954 2133 1177 2231 Testamenti
1202 2125 1310 2203 libros

374 2239 504 2350 quibus
527 2237 790 2320 contradicitur.
821 2238 870 2316 Et
894 2235 1123 2317 Concilium
1156 2239 1310 2318 Roma-

249 2393 252 2400 ·
374 2379 472 2433 num
492 2346 561 2430 sub
579 2345 741 2430 Gelasio
759 2343 1013 2456 Apocrypbaem
1030 2342 1106 2429 elle
1122 2350 1180 2428 ait
1194 2359 1312 2430 ltine.

376 2477 514 2545 rarium
542 2471 674 2557 Petri,
699 2459 795 2570 quod
819 2459 1027 2564 appellatur
1048 2470 1087 2544 S.
1117 2460 1312 2545 Clementis

377 2575 463 2658 libri
476 2577 600 2656 decern.
630 2574 709 2656 Cui
722 2568 892 2654 censurae
907 2569 1042 2684 postea
1058 2569 1312 2687 subscripsisse

377 2693 630 2804 reperiuntur
647 2685 780 2800 plures
791 2682 1054 2768 icelefiastici
1081 2689 1313 2824 Scriptores.

380 2802 458 2886 Sed
480 2802 578 2888 lic‘et
604 2811 893 2912 recognitionum
913 2795 1006 2878 libri
1032 2825 1075 2880 re
1102 2802 1186 2911 ipsa
1207 2805 1314 2912 Apo-

377 2913 519 3028 cryphi
534 2913 632 3016 lint,
653 2921 693 2995 &
712 2937 861 3024 magno
880 2906 1069 2992 consensu
1082 2914 1313 3020 rejiciantur

377 3055 427 3112 ex
458 3031 677 3110 Sacrorum.
700 3021 916 3106 Librorum
950 3048 1140 3128 canone3
1174 3048 1313 3107 tamen

375 3170 460 3224 non
476 3135 711 3253 potestinde
727 3135 841 3218 certi)
860 3133 1016 3246 colligi,
1035 3132 1126 3215 illos
1143 3141 1312 3218 omnino

377 3251 527 3368 spurios
547 3247 647 3353 else,
677 3243 1060 3364 pseudepigraphos,
1088 3247 1204 3330 neci
1223 3248 1314 3333 Cle-

377 3389 513 3449 mente
537 3367 727 3448 Romano
747 3358 922 3474 scriptos.

431 3482 476 3562 N
480 3505 546 3560 am
562 3472 1032 3584 srEusebiumexceperis,
1045 3497 1094 3556 ex
1110 3472 1218 3584 cujus
1231 3500 1314 3557 ver.

399 3666 499 3714 'nuru
520 3675 566 3718 ιο.
890 3649 999 3708 ‘Nutu
1010 3651 1313 3720 mom-uncum.

399 3733 503 3796 luum.
518 3745 566 3810 38·
868 3749 933 3812 pag.
947 3751 1013 3793 τοι.
