2896 4562
324 241 552 438 Eurippiassic.
567 241 736 328 Codicum
746 243 1027 348 Comptoribus.
1066 248 1145 354 567

192 349 414 460 *sabatuno
449 356 617 441 enderet
627 358 669 436 in
681 349 1146 472 libellollthanasribpis.
1170 391 1197 430 a
1276 439 1281 448 ,

210 473 304 584 copi
318 466 508 583 scriptum
524 462 600 552 else
619 465 843 550 sermonem
864 465 1019 579 dequo
1040 495 1140 580 quae.
1171 497 1198 541 ιι

207 578 283 664 stio
302 578 554 664 habebatur:
573 579 683 694 quasr
711 577 838 662 suasus
864 579 944 691 jam
961 575 1061 686 ille,
1084 585 1147 662 eui
1170 615 1195 656 ιι

209 692 427 807 probatum
452 691 584 778 suerat
603 761 615 796 ,
634 696 795 807 rogavit
820 689 891 776 srbi
918 691 1006 776 dari
1035 691 1144 776 codi-
1173 725 1200 766 ιι

209 832 330 910 cern,
378 834 430 892 uo
451 804 595 890 &aliis
616 803 895 921 ignorantibus
923 812 963 891 δι
991 828 1151 888 contra
1174 837 1201 882 ιι

212 915 362 1001 dicenti
393 947 437 1000 us
452 914 706 1002 satisfaceret.
726 919 909 1032 Accepto
932 915 1151 1004 codiceex-
1174 949 1205 994 ιι

212 1033 409 1144 cogitavit
432 1031 661 1114 inauditum
681 1029 988 1114 adulterationis
1014 1057 1149 1148 genus.
1176 1058 1202 1098 ιι

211 1143 370 1226 locum
380 1141 505 1258 ipsum
518 1211 530 1248 ‚
541 1147 582 1224 in
600 1171 682 1256 quo
699 1143 827 1226 sermo
844 1141 915 1226 iste
930 1167 1019 1226 erat
1037 1141 1151 1257 serip-
1176 1171 1204 1217 ιι

213 1277 302 1358 tus,
318 1252 484 1339 rasrtr&
503 1253 629 1370 ipsum
646 1253 870 1339 sermonem
886 1253 1040 1338 rursum
1053 1283 1148 1338 con·
1176 1285 1204 1327 ιι

211 1361 518 1480 scripfit,quem
528 1367 690 1451 raserat.
707 1368 853 1452 Codex
865 1367 1046 1450 redditus
1066 1366 1153 1452 srm-
1174 1397 1206 1440 ιι

212 1475 371 1592 pliciter
389 1503 573 1596 receptus
591 1479 659 1564 est.
680 1485 875 1565 Moretur
900 1483 1048 1563 iterum
1076 1507 1152 1596 pro
1179 1511 1209 1550 ιι

213 1589 361 1674 eodem
377 1589 416 1676 se
479 1616 560 1676 one
580 1593 756 1708 quaestio.
778 1591 847 1676 Ad
869 1592 1157 1708 probationem
1179 1623 1208 1680 *s

214 1701 347 1787 codex
365 1619 570 1821 prbsirtur
582 1742 591 1788 ι
605 1709 808 1789 invenitur
828 1701 983 1811 sermo,
1003 1704 1057 1789 de
1071 1733 1155 1818 quo
1175 1737 1200 1778 ιι

215 1839 304 1900 erat
327 1815 515 1930 quaestio,
536 1845 587 1900 ex
606 1818 726 1900 litura
748 1817 805 1936 Q
827 1817 970 1900 codice
995 1817 1156 1932 postus.
1180 1848 1211 1890 ιι

216 1927 334 2010 Fides
377 1925 572 2014 roferenti
589 1929 714 2013 talem¹
728 1926 912 2012 codicem
926 1929 1026 2013 dero
1055 1953 1157 2013 atur:
1180 1961 1208 2000 ιι

217 2037 269 2122 eb
295 2039 409 2154 quod
431 2037 551 2124 litura
571 2037 641 2124 illa
660 2045 930 2156 corruptionis
951 2051 991 2127 δι
1026 2042 1156 2127 alsrta-
1182 2075 1208 2113 ιι
1240 2069 1242 2074 ·

217 2156 272 2236 tis
298 2152 504 2238 videretur
528 2154 735 2238 indicium.
771 2155 850 2240 Sed
874 2160 1092 2268 qnoniam,
1112 2181 1159 2239 ut
1183 2187 1208 2226 ιι

217 2269 366 2350 iterum
383 2266 540 2372 dicam,
559 2271 710 2350 viventi
730 2265 815 2350 haec
833 2266 1045 2352 factasunt
1063 2269 1086 2352 i
1106 2273 1160 2352 vi.
1184 2300 1210 2340 ιι

218 2404 364 2483 vente,
381 2381 615 2482 continube
642 2385 675 2462 it
690 2385 826 2464 omnia
840 2447 853 2485 ,
867 2406 912 2463 ut
927 2379 1035 2465 fraus
1051 2409 1158 2464 com.
1183 2414 1209 2454 ιι

220 2490 316 2572 miffi
331 2489 485 2574 sceleris
500 2407 799 2595 denudaretur,
818 2501 858 2574 δι
873 2497 1061 2605 nequitiae
1078 2523 1156 2575 ma.
1185 2526 1211 2570 ιι

221 2599 312 2683 cula
332 2627 417 2682 non
434 2605 644 2686 innocenti
655 2605 742 2683 viro
754 2669 765 2707 ,
778 2608 847 2716 qui
865 2603 966 2684 nihil
984 2604 1066 2688 tale
1079 2606 1159 2720 ges‘
1185 2639 1210 2676 ιι

221 2709 604 2816 serat,adhaereret:
624 2707 752 2795 sedin
771 2713 1082 2799 auetorem'faesi
1099 2744 1158 2801 at.
1186 2750 1212 2790 ιι

222 2851 302 3020 pue
327 2828 371 2908 in
405 2821 634 2910 uberiorem
661 2827 744 2940 ejus
772 2825 981 2912 infamiam
1013 2830 1211 2914 redun-'o

252 2961 352 3022 aret.
1025 2959 1029 2968 ’
1186 2977 1212 3015 ts

263 3053 370 3134 Haec
381 3049 562 3156 Rufinus,
571 3057 634 3135 cui
648 3079 696 3136 ea
707 3052 910 3160 referenti,
922 3083 1010 3170 quae
1019 3060 1164 3144 Romae

221 3187 341 3250 aetate
358 3163 423 3248 sui
442 3162 671 3251 Damaso&
686 3170 955 3281 Hieronymo.
964 3168 1164 3285 praesenti.

225 3277 298 3360 bus
308 3275 515 3392 contigisse
526 3277 856 3394 affirmabat‚quis
869 3310 952 3365 non
966 3284 1166 3369 crederet?

224 3392 446 3474 Mentitum
459 3415 594 3476 tamen
605 3417 694 3495 ,aut
705 3389 844 3477 saltem
856 3399 1090 3501 prandiorum
1099 3428 1163 3481 co-

221 3503 585 3614 natumquefabulas
601 3529 666 3612 pro
687 3523 1090 3621 argumento-veritatis
1115 3537 1166 3594 te-

223 3613 330 3728 nuiffe
356 3642 447 3700 eum
473 3620 530 3702 ait
554 3620 843 3734 Hieronymus.
863 3659 889 3698 ιι
911 3624 1165 3735 superfluum
1190 3661 1215 3700 ιι

832 3737 918 3820 Nn
938 3737 991 3848 iiij
