3036 4592
381 299 795 404 Ecclezasticjmdicam
807 302 1086 408 corruptoribus.
1158 332 1201 412 η·

271 415 477 498 nationem
487 477 501 512 ,
513 441 636 527 quam
652 413 807 498 temero
824 413 1046 497 Catholicis
1061 414 1199 500 obtru.

205 575 215 596 ·
271 521 395 633 dunt,
414 531 456 608 in
474 525 528 608 sui
550 525 691 610 smiles
709 533 817 609 viros
833 530 1078 638 antiquiores
1098 531 1197 610 Hae.

269 643 416 721 reticos
426 635 658 750 rejeciffent.
681 644 831 750 Neque
841 643 949 719 enim
959 664 1201 831 trffiumenta

267 749 413 834 desunt
440 760 481 835 ὃ(
506 752 767 853 testimonia,
799 747 940 862 quibus
966 777 991 830 o
1027 753 1205 835 endatur¹

266 862 401 978 plures
422 861 446 944 ὲ
464 861 661 947 veteribus
676 865 888 946 Haeteticis
905 866 1080 977 impuras
1102 862 1202 946 olim

267 1001 410 1059 manus
434 975 602 1059 intulisse
627 980 671 1058 in
691 973 777 1057 suos
797 979 1007 1058 Sacrorum
1024 977 1204 1066 Littera-3

266 1115 358 1170 rum
377 1089 538 1173 codices
550 1158 562 1193 ,
575 1093 617 1172 in
632 1092 804 1202 genuina
814 1091 979 1171 Patru'm
996 1114 1144 1203 opera,
1157 1093 1202 1172 in

267 1199 384 1282 ΑΜ
400 1201 679 1283 Conciliorum
701 1207 741 1282 &
764 1201 1032 1284 Collefflones
1060 1201 1204 1302 Canon

267 1337 390 1414 num,
406 1316 449 1390 in
468 1310 657 1424 Epistolas
670 1309 915 1395 summorum
931 1312 1199 1418 Pontificum,
1267 1381 1271 1388 .

269 1445 394 1533 atque
414 1427 535 1505 etiam
564 1428 605 1506 in
625 1428 924 1509 Haereticorum
951 1426 1112 1509 alterius
1139 1423 1199 1508 se-

268 1535 371 1638 oae,
402 1536 485 1620 imo
517 1541 559 1619 in
588 1535 689 1654 ipsos
718 1539 1008 1654 Magistrorum
1036 1535 1199 1622 suorum

266 1642 402 1734 libros.
706 1675 709 1684 ’
1166 1713 1169 1724 .

322 1765 425 1876 Qtae
445 1765 540 1847 etim
557 1770 615 1847 ita
636 1765 735 1868 sint,
755 1761 1001 1877 propofitam
1021 1760 1200 1877 superiits

263 1872 1200 1989 geminamquaestionemnondividam:iisdem-³

264 2011 346 2097 que
362 1995 607 2102 argumentis
627 1987 857 2092 ostendam,
873 2014 948 2071 nec
959 1986 1066 2103 poffe
1080 1987 1201 2070 falsa.-

262 2097 346 2180 rios
364 2097 416 2182 ab
438 2100 758 2186 adulteratorum
789 2125 971 2184 veterum
997 2098 1199 2183 librorum·
1224 2191 1227 2198 .

262 2215 431 2296 crimine
448 2241 589 2298 omnes
606 2213 783 2318 absolvi;
804 2221 844 2299 δι
866 2215 981 2325 hujus
999 2219 1104 2296 tanti
1118 2212 1202 2299 sce.¹

259 2321 353 2408 letis
368 2325 561 2409 invidiam
573 2332 619 2410 -in
638 2329 864 2411 Haereticos
879 2325 1120 2441 potiiiimitm
1135 2355 1196 2410 re.

257 2435 330 2548 jici
349 2439 509 2524 debere.
529 2445 669 2554 Quare
690 2439 718 2520 fi
738 2436 827 2520 solis
842 2443 979 2524 Riveti
999 2437 1191 2522 aliorum.

291 2577 341 2632 ue
362 2555 407 2636 N
411 2577 623 2636 ovatorum
649 2547 857 2633 calumniis
872 2551 1086 2634 deterritus
1106 2554 1188 2637 Cu-

146 2759 150 2764 ,
249 2577 426 2749 Ramius
441 2663 825 2780 refugit'faterinon
835 2689 984 2778 paucos
998 2663 1190 2748 variissae·

248 2773 359 2864 culis'
378 2774 545 2860 extitiffe
574 2773 751 2861 falsarios
774 2845 785 2883 ,
811 2781 880 2890 qui
899 2777 1096 2861 nonnulla
1114 2781 1188 2862 Eo.

240 2887 563 2977 ciefiasticotum
574 2915 930 2974 monumentorum
944 2890 1190 3006 exemplaria

241 3009 479 3121 depravare
489 3032 573 3086 non
583 3001 835 3110 erubuerint,
848 3001 978 3118 potest
985 3003 1067 3114 jam
1078 3007 1191 3084 inani

236 3116 386 3244 positi
404 3115 624 3203 formidine
643 3184 654 3222 ,
676 3116 788 3231 quod
808 3144 948 3200 verum
968 3114 1052 3220 est,
1077 3113 1187 3198 ultro

238 3229 455 3321 confiteri.
472 3231 675 3346 Siquidem
692 3228 962 3344 &quibusacci
991 3231 1092 3308 imus
1102 3257 1189 3310 cor.

234 3371 396 3462 ruptos
412 3345 510 3429 olim
529 3335 639 3428 fuiffe
655 3342 812 3455 aliquot
822 3339 940 3426 Eccl'e
957 3337 1188 3424 nsticosco.

232 3468 386 3560 dices,
402 3459 459 3542 illi
479 3464 493 3542 i
524 3457 552 3542 fi
567 3454 763 3540 testantur
779 3453 965 3537 fraudem
976 3450 1082 3535 hanc
1096 3453 1186 3537 solis

226 3577 471 3676 Haereticis
484 3489 594 3655 intre
615 3567 864 3653 familiarem.
888 3564 1045 3651 Venim
1067 3572 1186 3651 timet

221 3687 449 3830 praetetei
460 3691 519 3772 vit
531 3681 753 3803 Religiosus
767 3749 779 3791 ,
792 3707 843 3770 ne
857 3709 924 3768 non
936 3679 1035 3772 modo*
1046 3706 1184 3768 vetem
