3012 4574
359 309 442 394 304
578 291 643 368 De
656 281 836 362 veteribus
853 279 1061 364 Haeriticis
1161 307 1166 317 ·

306 399 312 410 ”
354 401 510 509 ‘Neque
533 389 621 474 solis
644 391 887 497 Donatistis,
911 391 979 477 sed
998 395 1291 478 aliis-omnibus

359 505 624 594 Schifirtaticis
647 514 688 588 &
717 507 928 588 Haereticis
952 504 1180 617 hujusmodi
1206 537 1290 590 ma-

357 621 609 703 chinationes
635 611 909 702 fraudulentas
939 615 1152 703 familiares
1180 609 1292 706 fuiss‘e
1390 712 1396 717 ,

356 734 469 816 idem
488 730 611 847 pauld
635 727 733 814 ante
760 727 1047 814 affirmaverat:
1075 759 1169 814 nam
1195 732 1291 814 cum

356 843 483 928 Alfius
510 841 726 958 Epistolam
754 838 861 924 suam
881 839 1060 925 falsatam
1074 842 1164 927 ¹elle
1189 871 1289 926 con·

306 999 332 1044 n
356 957 566 1060 tenderet,
585 992 610 1030 n
621 955 872 1068 Apronianus
888 971 902 1002 ²
919 953 1046 1040 dixit:
1065 955 1217 1071 semper
1236 955 1290 1038 fic

304 1102 332 1156 'u
354 1066 495 1152 falsum
546 1094 591 1150 er
604 1092 825 1174 terrorem,
848 1093 920 1178 per
938 1063 1119 1174 scenam,
1144 1095 1214 1184 per
1237 1073 1289 1151 ir-

303 1223 330 1266 „
354 1180 428 1265 reli
459 1183 495 1262 'o
512 1207 579 1270 am
597 1203 776 1262 mentem
805 1183 936 1264 adum
959 1179 1015 1264 est
1033 1179 1084 1262 ab
1106 1182 1192 1288 his,
1219 1185 1288 1296 qui

303 1337 331 1378 o
355 1208 578 1378 Catllolieae
593 1290 771 1378 Ecclesrae
788 1289 1012 1377 consentire
1027 1293 1269 1378 noluerunt}

406 1409 532 1488 Nunc
552 1403 687 1487 videat
713 1402 967 1511 Custantius,
995 1405 1166 1490 velit-ne
1187 1436 1286 1490 con-

218 1623 219 1630 Ν
350 1542 415 1601 tra
445 1540 511 1600 tot
539 1513 897 1601 Ecclellasticorum
915 1523 1287 1603 'monumentorum

350 1628 473 1715 fidem
485 1632 714 1744 Ingentium
734 1627 911 1712 Scribam
926 1629 1134 1824 dnbhcum
1153 1629 1176 1712 i
1194 1633 1285 1714 Do-

348 1743 500 1826 natistis
526 1741 756 1826 instrustum
783 1747 824 1824 δι
844 1742 859 1790 ¹³
878 1741 925 1857 fic
949 1768 1139 1845 ornatum,
1168 1769 1283 1827 caete.

184 1899 190 1907 ¹
302 1950 308 1960 ⁸
350 1853 492 1970 rosque
511 1853 745 1938 Donatistas
763 1860 805 1937 &
832 1855 1098 1938 Haereticosd
1118 1859 1285 1941 crimine

302 2051 324 2076 Ι,
348 1965 434 2052 falfi
451 1964 657 2053 absoluere
680 1992 692 2051 r
723 1962 946 2051 censeatne
964 1970 1186 2052 etiamnum
1208 1974 1284 2049 cri.

348 2107 444 2162 men
458 2079 560 2161 istud
576 2079 637 2160 his
659 2075 780 2186 objici
795 2107 878 2159 non
890 2077 1019 2191 polle,
1035 2086 1132 2192 quin
1151 2078 1283 2162 Eccle-

347 2189 588 2272 fiasticorum
615 2211 971 2268 monumentorum
1004 2188 1132 2291 fides,
1160 2214 1282 2299 atque

347 2299 452 2384 adeo
471 2299 720 2383 Traditionis
746 2299 911 2378 Patrum
938 2299 1150 2383 auctoritas
1182 2329 1281 2382 con-

346 2409 541 2495 vellatur?
564 2414 601 2492 si
619 2413 676 2492 ita
690 2406 828 2510 sentit,
847 2407 1090 2493 contradicit
1101 2441 1183 2494 non
1196 2416 1280 2495 Au.

345 2524 500 2645 gustino
527 2521 680 2629 solum,
702 2519 770 2608 sed
787 2525 909 2605 etiam
936 2521 1153 2618 Catholico
1173 2529 1280 2640 Hip.

374 2636 511 2722 onenfi
538 2635 691 2741 elem,
723 2635 832 2743 cujus
861 2639 1024 2722 nomine
1051 2635 1195 2752 scripta
1224 2640 1282 2724 est

345 2668 539 2869 Epistola,
559 2779 647 2865 quae
666 2747 905 2862 odlogesrma
923 2753 1063 2834 odava
1080 2756 1187 2836 inter
1203 2755 1283 2835 Au-

345 2864 584 2980 gustmianas
603 2861 799 2964 habetur3
822 2886 944 2978 atque
967 2863 1153 2949 universo
1174 2869 1282 2950 Con-

274 3007 276 3015 ’
343 2975 426 3062 tilii
450 2975 650 3062 Zertensrs
681 2972 887 3078 Patribus,
915 3005 1088 3088 quorum
1114 2982 1282 3061 nomina

344 3087 458 3173 simul
479 3081 570 3172 cum
583 3085 792 3204 Augustini
806 3085 970 3170 nornine
985 3088 1172 3206 inscripta
1191 3090 1280 3174 sunt

343 3201 524 3318 Epistolae
548 3200 769 3286 centesrmae
790 3201 1100 3316 quadragefimae
1117 3208 1281 3322 primae,

345 3344 468 3432 quarn
486 3313 661 3432 superius
680 3311 940 3400 laudavimus.

361 3513 539 3596 'lbldpff
551 3501 610 3585 25'5.
780 3513 782 3520 ’
809 3505 820 3596 Ι
857 3489 956 3574 ulid.

1024 3755 1274 3846 Carur'Xl.
