3012 4574
319 299 546 414 Ecclesiastic.
559 301 728 386 Codicum
740 301 1020 406 compuribus.
1066 329 1144 407 ²79

210 405 327 494 simili
346 414 472 495 modo
487 409 618 497 allerit
636 411 746 496 fuille
762 437 998 526 corruptos:
1021 411 1148 526 iplunr
1272 425 1275 432 ’

210 523 310 606 vero
333 526 556 640 origenem
575 553 659 610 non
680 553 802 611 unam
821 522 1148 606 lucubrationum

210 627 366 718 suarum
390 637 663 755 corruptelam
691 638 743 722 ab
771 639 984 721 Haereticis
1014 633 1149 751 profe-

209 749 313 831 uam
334 749 637 866 deprehendille
664 751 880 868 probarer
903 747 979 831 illis
997 747 1149 862 Episto-

210 857 278 967 lis,
334 891 403 945 uas
427 862 542 980 sopri
567 863 848 948 laudavimus:
874 863 1065 973 Denique
1093 864 1151 942 ita

159 969 169 988 '
212 891 432 1060 concludit.
460 1016 483 1058 n
542 976 628 1062 uod
644 993 660 1027 ²
678 973 937 1060 inveteribus
959 972 1146 1056 fandila...
1182 1008 1209 1050 n

212 1113 386 1199 quorum
405 1084 582 1203 superius
595 1088 768 1174 ¹fecimus
790 1091 1066 1191 mentionem,
1090 1082 1149 1168 so.
1184 1119 1209 1161 o

211 1199 254 1281 lo
277 1225 518 1318 argumento
546 1229 596 1284 ex
625 1229 760 1286 rerum
791 1198 1079 1314 consequentia
1103 1224 1152 1281 ac
1184 1230 1212 1273 r·

211 1317 309 1398 redii
327 1335 472 1396 tenore
490 1311 730 1430 praesumpto
750 1311 973 1401 ostenditur
992 1340 1040 1396 ac
1058 1339 1152 1428 pro·
1184 1341 1212 1391 t·

213 1426 358 1508 batur:
407 1423 539 1508 uddsr
587 1430 656 1510 uid
668 1432 712 1512 in
723 1426 834 1512 libris
850 1455 993 1512 eorum
1009 1425 1154 1506 contra
1186 1456 1213 1508 «ι.

213 1453 525 1622 Ecclesrallicam
552 1456 676 1625 idem
701 1545 933 1645 invenitur,
961 1539 1005 1625 id
1034 1535 1153 1620 inser·
1186 1567 1213 1608 ιι

213 1673 301 1733 turn
320 1647 374 1732 ab
391 1652 603 1736 Haereticir
619 1653 755 1769 potius
772 1652 895 1766 quim
917 1649 969 1732 ab
987 1649 1049 1731 his
1067 1647 1158 1764 iplis
1187 1679 1214 1720 α

213 1759 402 1876 scriptum
423 1787 587 1878 putetur
612 1802 623 1847 ι
652 1765 734 1846 hoc
762 1768 806 1844 in
838 1765 1048 1876 Origene,
1071 1787 1157 1845 non
1189 1792 1216 1834 n

215 1900 454 1988 argumento
485 1873 570 1958 solo
586 1875 722 1979 simili,
748 1897 794 1956 ut
818 1877 861 1956 in
882 1873 984 1978 illiS,
1013 1871 1082 1954 sed
1102 1894 1158 1954 te·
1189 1903 1216 1944 c«

215 1985 405 2068 stimonio
433 1991 775 2099 querimoniarum
807 1985 964 2070 suarum
980 2012 1048 2074 ex
1084 1980 1158 2068 suis
1189 2017 1216 2056 ιι

216 2097 370 2211 scriptis
403 2098 602 2214 prolato,
630 2095 846 2183 absurdum
884 2126 969 2180 non
999 2121 1100 2214 puto
1130 2093 1158 2178 li
1191 2131 1218 2172 ιι

215 2210 430 2314 credatur,
452 2237 504 2294 ne
522 2212 634 2294 velut
655 2209 795 2296 stultus
814 2209 981 2324 aliquis,
1001 2233 1072 2297 aut
1096 2211 1156 2290 in.
1191 2242 1217 2281 ιι

214 2317 329 2406 sanus
342 2327 547 2406 contraria
565 2323 636 2408 fibi
653 2319 836 2438 scripsrlle
855 2324 1053 2409 videatur.
1191 2353 1218 2394 ιι

274 2432 388 2520 Idem
410 2431 565 2518 rursum
585 2441 627 2518 in
644 2437 820 2550 prologo
848 2461 970 2549 quern
990 2434 1161 2550 praefixit

217 2547 271 2632 ad
287 2545 412 2629 libros
431 2549 622 2662 Origenis
639 2547 721 2644 mei
737 2545 865 2662 dfxit,
890 2575 993 2660 quos
1011 2547 1161 2632 Latine

181 2664 188 2676 '
218 2666 505 2774 interpretatus
515 2660 603 2760 est,¹’
612 2668 693 2770 istos
693 2663 873 2768 praecipui
882 2659 1048 2743 librosab
1060 2673 1165 2744 Hae.

219 2786 339 2882 tyticis
366 2770 415 2868 6³
429 2771 622 2854 malevolis
638 2797 813 2882 corruptos
829 2762 894 2880 affe
914 2775 983 2854 ait.
1010 2775 1163 2883 Neque

219 2887 371 3000 primus
391 2881 490 2970 olim
511 2883 682 2971 Rufinus
701 2891 760 2970 ita
776 2881 918 2968 senfit:
942 2881 1164 2998 fignificate

222 3001 331 3078 enim
345 2993 490 3112 inipso
509 2997 719 3094 Orationis
734 2997 808 3082 luae
828 2994 1000 3080 exordio
1022 2993 1164 3080 defen-

225 3108 340 3192 sionis
353 3136 491 3225 genus,
502 3111 614 3225 quod
624 3111 897 3228 propofiturus
910 3105 1074 3214 est,non
1089 3106 1167 3192 elle

224 3248 399 3328 novum,
415 3219 489 3308 ‘sed
500 3223 552 3308 ab
568 3229 740 3341 antiquis
760 3222 1010 3338 temporibus
1028 3225 1083 3313 ad
1092 3223 1168 3338 fita

224 3333 334 3449 usque
351 3333 568 3448 per'orruffi‘.⁸

282 3449 372 3530 Scio
404 3451 706 3565 Hieronymum
734 3452 887 3536 hocin
915 3449 1010 3532 loco
1043 3447 1168 3532 fidem

257 3635 268 3664 ⁸
292 3621 360 3684 ibid·
373 3645 401 3705 p.
418 3641 482 3696 252.
694 3637 706 3765 Ι
753 3627 1044 3712 ‘npudilieronym
1061 3643 1129 3692 tom.
1142 3641 1170 3700 ς.

256 3700 272 3744 ⁸
294 3703 366 3766 ibid·
382 3727 411 3788 p.
434 3725 499 3782 ²54·
720 3730 787 3772 nov.
801 3708 873 3771 Edit.
889 3731 914 3792 p.
929 3729 1003 3780 ιη.

865 3793 889 3873 s
914 3789 968 3900 nij
