2956 4558
143 427 147 436 .
282 351 526 552 ‚Ecclefastie
541 359 710 446 Codicum
720 355 997 462 Comrptoribus.
1043 339 1112 466 39⁴3

182 459 389 588 nensts'Btb
405 472 549 554 iothecae
570 473 738 578 praeftflo
760 469 1005 551 adulteratum
1036 502 1114 554 con.

181 591 319 696 questus
338 590 394 694 est.
411 588 513 693 Quae
529 583 623 665 corn
644 588 700 666 ita
716 584 813 680 srnt,
833 587 919 696 quis
937 611 1020 663 non
1035 581 1125 664 sen-'

184 704 261 780 tiat
277 698 359 781 hoc
377 694 482 781 libro
493 697 706 778 Hincmari
726 701 998 776 narrationem
1018 723 1113 775 con-

184 807 356 918 firmari,
371 817 412 896 &
424 805 528 891 illius
541 811 753 892 veritatem
769 807 877 920 quasr
892 806 1015 922 oculis
1028 805 1114 888 sub.

198 945 275 1005 rer?
728 945 730 952 ’
1164 979 1170 988 -

181 949 195 1032 1
239 1035 442 1120 Praeterea
465 1035 561 1117 dum
591 1031 741 1115 fatetur
756 1031 989 1115 doeriffirnus
1018 1061 1043 1112 o
1073 1045 1124 1130 eg

184 1175 273 1229 rum
290 1143 410 1229 sensti
425 1147 573 1231 Hilarii
592 1145 733 1229 Editor
749 1149 791 1227 in
807 1145 877 1228 illo
893 1149 1019 1246 ¹veteri
1036 1059 1115 1227 go-

184 1259 276 1343 dice
289 1257 401 1374 prihs
417 1255 490 1341 scri
519 1283 605 1341 tum
621 1245 731 1338 fuiffe
751 1259 947 1342 adoratum
969 1257 1115 1340 deinde

184 1369 283 1454 vero
303 1367 445 1452 deletis
474 1289 579 1455 ifiius
598 1369 708 1452 verbi
730 1369 882 1452 duabus
908 1369 1115 1485 postremis

183 1478 210 1562 s
226 1479 341 1564 nabis
360 1507 489 1583 ratur,
508 1481 624 1566 hasce
645 1507 780 1590 ptatur
801 1487 841 1564 in
862 1483 957 1563 loco
975 1477 1113 1563 abraso

183 1511 408 1678 ffubstitutas
426 1593 560 1679 firiffe:
583 1595 691 1700 hoc,
714 1600 877 1708 inquam
896 1663 908 1701 ,
929 1593 1025 1675 durn
1052 1589 1119 1701 fa..

182 1727 536 1824 teror,nonnegat
551 1705 698 1790 farrum
710 1704 785 1790 effe
796 1703 1112 1810 malstfide3imo'

181 1820 223 1899 in
237 1817 277 1901 id
297 1819 455 1902 videtur
466 1820 740 1935 propendere,
751 1841 796 1899 ut
813 1818 952 1900 credat
966 1815 1114 1899 foetum

181 1925 257 2014 effe
278 1930 382 2014 mal&
401 1931 481 2017 fide
496 1971 506 2015 ι
524 1931 625 2012 malo
634 1931 790 2046 forsttan
804 1930 884 2035 fide
898 1947 939 2028 ,²
956 1933 1114 2043 inquit,

173 2042 327 2155 sednon
349 2044 447 2126 male*
472 2043 690 2158 adscriptum
713 2047 783 2152 est,
805 2070 1109 2125 noorrnwn.

184 2152 313 2270 Igitur
330 2154 558 2240 Custantius
575 2155 627 2238 fic
645 2157 857 2264 conoendit
875 2155 1112 2258 leaionem,

182 2295 271 2382 quae
288 2267 414 2354 habet
430 2270 655 2378 adoptatur,
678 2267 868 2350 finceram
889 2263 963 2352 effe
985 2275 1025 2350 ὅ(
1040 2265 1109 2382 ge-

180 2386 371 2488 nuinam3
394 2407 440 2464 ut
463 2406 604 2466 tamen
630 2381 771 2494 aliquis
802 2382 871 2498 ipsr
899 2379 1111 2462 dubitandi
1173 2453 1182 2462 .

179 2489 291 2575 locus
311 2495 521 2600 videatur,
539 2523 592 2576 an
611 2521 693 2574 non
711 2491 816 2601 mal&
837 2491 917 2576 fide
936 2491 1109 2575 vetustis-

181 2601 296 2685 srmu's
313 2607 458 2689 Codex
473 2605 577 2687 rasus
590 2603 734 2707 fuerit,
754 2629 798 2684 ut
814 2601 1111 2688 substitueretur
1202 2691 1206 2698 ,

183 2714 347 2797 verbum
365 2716 446 2798 hoc
464 2719 668 2824 adoptatur.

235 2829 328 2944 Jam
345 2829 443 2912 vero
460 2827 563 2910 illius
580 2827 648 2942 qu'i
665 2829 861 2914 Codicem
880 2826 995 2931 rasrt,
1012 2827 1109 2910 fides

180 2967 264 3024 non
273 2945 408 3054 potuit
422 2939 629 3024 Custantio
642 2941 809 3060 suspeoka
820 2937 894 3024 effe
905 2947 944 3025 &
962 2939 1107 3038 dubia,

179 3051 250 3134 nisr
266 3077 432 3169 propter
454 3057 668 3138 Hincmari
687 3051 972 3138 narra'tionem.
985 3057 1105 3137 Tunc

178 3190 276 3280 ergo
310 3163 559 3248 existimabat
584 3167 810 3250 Custantius
844 3171 884 3249 in
921 3165 991 3248 illa
1014 3193 1104 3247 nar.
1198 3260 1213 3280 s
1273 3199 1284 3226 .

179 3282 336 3360 ratione
354 3277 429 3361 effe
456 3272 591 3362 saltem
611 3279 784 3394 aliquam
807 3276 1103 3362 fimilitudinem

182 3395 263 3472 veri
281 3437 291 3492 ⁵
308 3397 484 3474 narratio
503 3397 608 3475 enirn
635 3397 676 3473 in
697 3421 777 3506 qua
796 3391 906 3475 nulla
924 3393 980 3476 est
1000 3392 1103 3473 firni-

178 3501 310 3584 litudo
336 3507 443 3608 veri,
461 3503 614 3594 nullum
638 3503 709 3587 dat
731 3503 944 3592 dubitandi
969 3503 1103 3586 locum

181 3615 232 3696 de'
246 3614 355 3697 bona
364 3641 433 3698 aut
451 3615 555 3700 mala
576 3615 655 3702 fide
673 3617 775 3700 illius
787 3685 797 3724 ,
809 3608 861 3702 ad
874 3644 993 3731 quem
1013 3634 1113 3699 nar:

206 3750 300 3812 arbro
314 3769 379 3833 pag.
397 3755 461 3812 θοι.
970 3734 974 3764 ’
1086 3740 1090 3750 ’
