3020 4564
298 353 525 478 Ecclesiastic.
543 353 713 443 ordinm
728 344 1011 457 compuribus.
1055 333 1123 440 rdt

462 713 681 801 Cornt
741 713 833 798 IV.

186 915 380 1016 librorum
398 934 631 1012 vinitorem
647 921 826 1034 'stateram
855 935 1124 1040 integritatem,

239 1071 309 1125 non
325 1038 403 1124 alio
418 1035 545 1120 melius
560 1063 674 1146 qaam
691 1033 853 1147 Ecclefiae
871 1037 1072 1123 catholice

442 1147 581 1256 jndicio
598 1146 753 1260 cognosci
763 1143 866 1257 poffe.

192 1367 447 1601 CEiebre
480 1367 537 1452 est
563 1367 604 1452 dc
631 1369 716 1480 jure
732 1361 890 1457 ¹intrito
916 1369 1129 1462 laudatum

98 1579 100 1586 .
309 1509 474 1568 aureum
490 1479 591 1564 iilud
607 1480 946 1602 sandii'Augustini
957 1490 1129 1574 dinumr

193 1618 229 1686 Ε
253 1603 488 1680 overiEvan
511 1594 837 1680 elionrncrrderem
851 1602 893 1698 ²,'
907 1603 1043 1713 trifime
1057 1614 1133 1685 Ca·

195 1710 336 1794 tolicae
358 1623 519 1821 Ecclefiir
533 1711 991 1793 commoveretauiion'tas.
1018 1705 1132 1794 Nam

194 1823 293 1907 licet
303 1821 563 1937 Evangelium
579 1829 620 1902 &
631 1826 764 1903 caeteri
782 1825 908 1904 Sacrae
924 1825 1135 1938 Scripturae

49 1973 51 1976 ·
195 1933 310 2039 libri,
340 1935 422 2016 hoc
444 1932 528 2045 ipso
559 1930 673 2042 quod
703 1932 891 2015 divinitus
919 1943 960 2018 &
987 1937 1010 2017 S
1040 1940 1142 2019 nitu·

200 2046 333 2134 saneto
351 2042 566 2157 inspirante
587 2041 720 2158 scripti
741 2042 854 2149 sunt,
880 2045 983 2128 firmi
1011 2071 1136 2130 imam
1237 2057 1239 2060 ’

193 2187 246 2246 ex
259 2156 297 2243 se
310 2157 489 2240 habeant
504 2157 805 2239 autoritatem:
825 2157 895 2240 illa
913 2183 1050 2242 tamen
1069 2181 1136 2266 ruff

195 2275 358 2357 &oritas
382 2272 428 2350 iis
454 2267 596 2381 quibus
615 2291 700 2350 non
728 2267 785 2352 est
810 2267 962 2354 ostensa
988 2273 1133 2355 divini.
1209 2367 1215 2375 Ι

197 2409 280 2490 tus,
303 2379 460 2466 nonnisr
482 2403 555 2494 per
582 2379 762 2498 Ecclesrae
792 2383 984 2490 judicium
1011 2383 1134 2498 plane
1205 2380 1214 2399 '

198 2492 422 2581 innotescit.
457 2491 601 2577 Libros
628 2497 734 2577 enim
764 2498 903 2575 Sacros
927 2493 1041 2579 Deus
1062 2499 1137 2580 Ec-

61 2667 72 2686 „
197 2608 322 2694 clefiae
377 2633 421 2691 er
445 2603 660 2718 Apostolos
688 2602 864 2718 aliosque
889 2604 1136 2691 saniiiffimos

198 2728 327 2826 viros,
349 2635 507 2832 irngulis
523 2715 723 2798 fidelibus
742 2743 815 2830 pet
828 2718 1042 2802 Ecclesram
1058 2739 1138 2802 tra-

199 2830 458 2920 derevoluit:
476 2827 588 2941 quod
599 2827 764 2941 quidem
782 2828 1058 2944 sapientiffimo
1075 2831 1137 2913 di-

199 2955 300 3032 vinae
321 2942 590 3031 Providentiae
608 2940 773 3023 confilio
790 2941 1012 3028 institutum
1029 2941 1139 3027 firiffe
1209 2947 1211 2956 '

201 3087 323 3144 nemo
340 3083 424 3140 non
443 3050 572 3136 sentit.
605 3055 650 3138 N
653 3082 718 3136 am
735 3053 829 3136 crim
846 3055 897 3137 ab
911 3060 1034 3140 initio
1054 3075 1140 3139 non

200 3169 402 3254 defuerint
420 3164 593 3282 perversr
612 3165 818 3274 homines,
837 3171 907 3282 qui
927 3166 1076 3286 spurios
1090 3167 1151 3250 ln·

201 3281 296 3366 bros
315 3281 557 3385 obtrudere,
588 3307 704 3364 veros
729 3280 990 3386 adulterare,
1015 3279 1137 3364 fince-

201 3424 268 3478 ros
281 3399 322 3476 in
337 3421 504 3507 pravum
519 3392 671 3474 sensum
687 3391 932 3506 detorquere
950 3417 1142 3478 conaren.

203 3537 296 3593 tur:
314 3529 402 3588 erat
425 3501 519 3586 sane
538 3504 811 3620 providendus
835 3505 981 3615 judex,
1038 3511 1078 3590 ui
1094 3505 1142 3589 li.

204 3618 299 3706 bros
321 3643 436 3700 veros
455 3617 478 3697 i
496 3615 652 3731 spuriis,
671 3621 849 3732 integros
866 3617 918 3700 ab
939 3535 1139 3706 adniterert

229 3763 452 3845 ⁸Couttsspiss.
462 3763 596 3853 Fundam.
607 3785 668 3847 etp·
680 3783 704 3842 5.
722 3782 793 3826 tour.
807 3771 833 3824 8.
844 3781 909 3824 nor.
920 3763 990 3825 Edit.
1002 3779 1064 3848 pag.
1080 3779 1144 3836 154.

961 3844 999 3928 J.
