<?xml version="1.0" encoding="UTF-8"?>
<!DOCTYPE html PUBLIC "-//W3C//DTD XHTML 1.0 Transitional//EN"
    "http://www.w3.org/TR/xhtml1/DTD/xhtml1-transitional.dtd">
<html xmlns="http://www.w3.org/1999/xhtml" xml:lang="en" lang="en">
 <head>
  <title>
</title>
<meta http-equiv="Content-Type" content="text/html;charset=utf-8" />
  <meta name='ocr-system' content='tesseract 3.04.00' />
  <meta name='ocr-capabilities' content='ocr_page ocr_carea ocr_par ocr_line ocrx_word'/>
</head>
<body>
  <div class='ocr_page' id='page_1' title='image "./deveteribushret00germgoog_0421.png"; bbox 0 0 2956 4558; ppageno 0'>
   <div class='ocr_carea' id='block_1_1' title="bbox 325 243 1020 352">
    <p class='ocr_par' dir='ltr' id='par_1_1' title="bbox 325 243 1020 352">
     <span class='ocr_line' id='line_1_1' title="bbox 325 243 1020 352; baseline 0 -26"><span class='ocrx_word' id='word_1_1' title='bbox 325 250 408 352; x_wconf 87' lang='lat'>408</span> <span class='ocrx_word' id='word_1_2' title='bbox 455 291 515 346; x_wconf 84' lang='lat'>.·.</span> <span class='ocrx_word' id='word_1_3' title='bbox 540 253 604 329; x_wconf 83' lang='lat' dir='ltr'>De</span> <span class='ocrx_word' id='word_1_4' title='bbox 617 243 796 326; x_wconf 79' lang='lat' dir='ltr'>veteribus</span> <span class='ocrx_word' id='word_1_5' title='bbox 816 255 1020 328; x_wconf 78' lang='lat' dir='ltr'>Haeretr&#39;n&#39;s</span> 
     </span>
    </p>
   </div>
   <div class='ocr_carea' id='block_1_2' title="bbox 297 355 1463 470">
    <p class='ocr_par' dir='ltr' id='par_1_2' title="bbox 297 341 1463 470">
     <span class='ocr_line' id='line_1_2' title="bbox 297 355 1463 470; baseline 0.005 -35"><span class='ocrx_word' id='word_1_6' title='bbox 297 397 301 407; x_wconf 95' lang='lat'>·</span> <span class='ocrx_word' id='word_1_7' title='bbox 326 355 416 469; x_wconf 83' lang='lat' dir='ltr'>piits</span> <span class='ocrx_word' id='word_1_8' title='bbox 433 355 663 442; x_wconf 79' lang='lat' dir='ltr'>enianelix&#39;</span> <span class='ocrx_word' id='word_1_9' title='bbox 683 357 894 438; x_wconf 84' lang='lat' dir='ltr'>damnatus</span> <span class='ocrx_word' id='word_1_10' title='bbox 911 357 1261 470; x_wconf 52' lang='lat' dir='ltr'>estrprimittnan-</span> <span class='ocrx_word' id='word_1_11' title='bbox 1383 369 1390 374; x_wconf 85' lang='lat'>&#39;</span> <span class='ocrx_word' id='word_1_12' title='bbox 1462 359 1463 452; x_wconf 66' lang='grc' dir='ltr'><em>ζ</em></span> 
     </span>
    </p>
   </div>
   <div class='ocr_carea' id='block_1_3' title="bbox 212 463 1278 1030">
    <p class='ocr_par' dir='ltr' id='par_1_3' title="bbox 212 463 1278 1030">
     <span class='ocr_line' id='line_1_3' title="bbox 212 463 1261 583; baseline 0.006 -36"><span class='ocrx_word' id='word_1_13' title='bbox 212 467 215 477; x_wconf 81' lang='grc'><strong>’</strong></span> <span class='ocrx_word' id='word_1_14' title='bbox 327 473 383 548; x_wconf 89' lang='lat' dir='ltr'>rio</span> <span class='ocrx_word' id='word_1_15' title='bbox 405 499 493 577; x_wconf 63' lang='lat'>792.</span> <span class='ocrx_word' id='word_1_16' title='bbox 517 469 768 580; x_wconf 24' lang='lat' dir='ltr'>inlConcilio</span> <span class='ocrx_word' id='word_1_17' title='bbox 789 468 1062 583; x_wconf 83' lang='lat' dir='ltr'>R-atisponenfi</span> <span class='ocrx_word' id='word_1_18' title='bbox 1080 537 1092 572; x_wconf 85' lang='lat'>,</span> <span class='ocrx_word' id='word_1_19' title='bbox 1111 463 1261 553; x_wconf 83' lang='lat' dir='ltr'>deinde</span> 
     </span>
     <span class='ocr_line' id='line_1_4' title="bbox 327 579 1262 696; baseline -0.001 -34"><span class='ocrx_word' id='word_1_20' title='bbox 327 584 450 662; x_wconf 82' lang='lat' dir='ltr'>etiarn</span> <span class='ocrx_word' id='word_1_21' title='bbox 469 579 520 662; x_wconf 83' lang='lat' dir='ltr'>ab</span> <span class='ocrx_word' id='word_1_22' title='bbox 534 580 716 663; x_wconf 84' lang='lat' dir='ltr'>Adriano</span> <span class='ocrx_word' id='word_1_23' title='bbox 739 583 867 696; x_wconf 83' lang='lat' dir='ltr'>Papa:</span> <span class='ocrx_word' id='word_1_24' title='bbox 887 607 973 664; x_wconf 88' lang='lat' dir='ltr'>tum</span> <span class='ocrx_word' id='word_1_25' title='bbox 994 581 1154 688; x_wconf 29' lang='lat' dir='ltr'>&#39;duobus</span> <span class='ocrx_word' id='word_1_26' title='bbox 1172 579 1262 694; x_wconf 77' lang='lat' dir='ltr'>post</span> 
     </span>
     <span class='ocr_line' id='line_1_5' title="bbox 284 692 1278 798; baseline -0.004 -25"><span class='ocrx_word' id='word_1_27' title='bbox 284 735 291 764; x_wconf 62' lang='grc' dir='ltr'><em>κ</em></span> <span class='ocrx_word' id='word_1_28' title='bbox 327 697 440 774; x_wconf 83' lang='lat' dir='ltr'>annis</span> <span class='ocrx_word' id='word_1_29' title='bbox 474 698 522 775; x_wconf 88' lang='lat' dir='ltr'>in&#39;</span> <span class='ocrx_word' id='word_1_30' title='bbox 545 693 732 777; x_wconf 89' lang='lat' dir='ltr'>Concilio</span> <span class='ocrx_word' id='word_1_31' title='bbox 769 692 1115 798; x_wconf 70' lang='lat' dir='ltr'>francofordienli</span> <span class='ocrx_word' id='word_1_32' title='bbox 1152 721 1278 774; x_wconf 84' lang='lat' dir='ltr'>anno.</span> 
     </span>
     <span class='ocr_line' id='line_1_6' title="bbox 331 804 1262 919; baseline -0.004 -31"><span class='ocrx_word' id='word_1_33' title='bbox 331 810 597 912; x_wconf 70' lang='lat' dir='ltr'>794211erum</span> <span class='ocrx_word' id='word_1_34' title='bbox 619 809 762 890; x_wconf 82' lang='lat' dir='ltr'>Romae</span> <span class='ocrx_word' id='word_1_35' title='bbox 785 810 827 887; x_wconf 90' lang='lat' dir='ltr'>in</span> <span class='ocrx_word' id='word_1_36' title='bbox 854 809 877 888; x_wconf 85' lang='lat' dir='ltr'><strong>S</strong></span> <span class='ocrx_word' id='word_1_37' title='bbox 904 805 1042 908; x_wconf 83' lang='lat' dir='ltr'>nodo,</span> <span class='ocrx_word' id='word_1_38' title='bbox 1063 832 1184 919; x_wconf 86' lang='lat' dir='ltr'>quam</span> <span class='ocrx_word' id='word_1_39' title='bbox 1204 804 1262 886; x_wconf 89' lang='lat' dir='ltr'>ibi</span> 
     </span>
     <span class='ocr_line' id='line_1_7' title="bbox 329 835 1261 1030; baseline -0.003 -30"><span class='ocrx_word' id='word_1_40' title='bbox 329 919 415 1000; x_wconf 90' lang='lat' dir='ltr'>Leo</span> <span class='ocrx_word' id='word_1_41' title='bbox 433 922 572 1014; x_wconf 75' lang='lat' dir='ltr'>tertios</span> <span class='ocrx_word' id='word_1_42' title='bbox 591 945 698 1000; x_wconf 82' lang='lat' dir='ltr'>anno</span> <span class='ocrx_word' id='word_1_43' title='bbox 713 949 808 1026; x_wconf 86' lang='lat'><strong>799.</strong></span> <span class='ocrx_word' id='word_1_44' title='bbox 833 835 1051 1000; x_wconf 82' lang='lat' dir='ltr'>celebravit</span> <span class='ocrx_word' id='word_1_45' title='bbox 1064 955 1073 998; x_wconf 69' lang='grc' dir='ltr'><strong>ι</strong></span> <span class='ocrx_word' id='word_1_46' title='bbox 1086 917 1261 1030; x_wconf 85' lang='lat' dir='ltr'>denique</span> 
     </span>
    </p>
   </div>
   <div class='ocr_carea' id='block_1_4' title="bbox 278 1026 1263 1368">
    <p class='ocr_par' dir='ltr' id='par_1_4' title="bbox 278 1026 1263 1368">
     <span class='ocr_line' id='line_1_8' title="bbox 328 1026 1263 1144; baseline -0.002 -34"><span class='ocrx_word' id='word_1_47' title='bbox 328 1029 473 1113; x_wconf 81' lang='lat' dir='ltr'>eodem</span> <span class='ocrx_word' id='word_1_48' title='bbox 487 1058 593 1118; x_wconf 80' lang='lat' dir='ltr'>anno</span> <span class='ocrx_word' id='word_1_49' title='bbox 603 1033 646 1110; x_wconf 90' lang='lat' dir='ltr'>in</span> <span class='ocrx_word' id='word_1_50' title='bbox 658 1031 844 1114; x_wconf 87' lang='lat' dir='ltr'>Concilio</span> <span class='ocrx_word' id='word_1_51' title='bbox 858 1026 1172 1144; x_wconf 80' lang='lat' dir='ltr'>Aquisgranensr.</span> <span class='ocrx_word' id='word_1_52' title='bbox 1186 1032 1263 1142; x_wconf 86' lang='lat' dir='ltr'>Igi-</span> 
     </span>
     <span class='ocr_line' id='line_1_9' title="bbox 278 1136 1262 1256; baseline 0.001 -37"><span class='ocrx_word' id='word_1_53' title='bbox 278 1195 284 1228; x_wconf 85' lang='lat'>·.</span> <span class='ocrx_word' id='word_1_54' title='bbox 328 1157 394 1222; x_wconf 73' lang='lat' dir='ltr'>t&#39;ur</span> <span class='ocrx_word' id='word_1_55' title='bbox 421 1139 533 1224; x_wconf 83' lang='lat' dir='ltr'>Felix</span> <span class='ocrx_word' id='word_1_56' title='bbox 559 1141 770 1224; x_wconf 82' lang='lat' dir='ltr'>damnatus</span> <span class='ocrx_word' id='word_1_57' title='bbox 796 1136 927 1224; x_wconf 78' lang='lat' dir='ltr'>fuerat</span> <span class='ocrx_word' id='word_1_58' title='bbox 952 1140 1178 1256; x_wconf 84' lang='lat' dir='ltr'>Ratisponae</span> <span class='ocrx_word' id='word_1_59' title='bbox 1209 1140 1262 1220; x_wconf 78' lang='lat' dir='ltr'>ab</span> 
     </span>
     <span class='ocr_line' id='line_1_10' title="bbox 329 1249 1262 1368; baseline -0.003 -32"><span class='ocrx_word' id='word_1_60' title='bbox 329 1249 527 1368; x_wconf 85' lang='lat' dir='ltr'>Episcopis</span> <span class='ocrx_word' id='word_1_61' title='bbox 543 1322 554 1357; x_wconf 88' lang='lat'>,</span> <span class='ocrx_word' id='word_1_62' title='bbox 571 1261 611 1338; x_wconf 78' lang='grc' dir='ltr'>δι</span> <span class='ocrx_word' id='word_1_63' title='bbox 631 1259 774 1340; x_wconf 82' lang='lat' dir='ltr'>Romae</span> <span class='ocrx_word' id='word_1_64' title='bbox 793 1253 845 1338; x_wconf 84' lang='lat' dir='ltr'>ab</span> <span class='ocrx_word' id='word_1_65' title='bbox 863 1254 1101 1358; x_wconf 80' lang='lat' dir='ltr'>Hadriano,</span> <span class='ocrx_word' id='word_1_66' title='bbox 1119 1251 1262 1336; x_wconf 80' lang='lat' dir='ltr'>fortas·</span> 
     </span>
    </p>
   </div>
   <div class='ocr_carea' id='block_1_5' title="bbox 217 1364 1265 3618">
    <p class='ocr_par' dir='ltr' id='par_1_5' title="bbox 217 1364 1265 3618">
     <span class='ocr_line' id='line_1_11' title="bbox 328 1364 1262 1480; baseline 0 -35"><span class='ocrx_word' id='word_1_67' title='bbox 328 1364 367 1454; x_wconf 81' lang='lat' dir='ltr'>le</span> <span class='ocrx_word' id='word_1_68' title='bbox 384 1370 505 1448; x_wconf 85' lang='lat' dir='ltr'>etiam</span> <span class='ocrx_word' id='word_1_69' title='bbox 518 1366 797 1472; x_wconf 73' lang='lat' dir='ltr'>Francofurti,</span> <span class='ocrx_word' id='word_1_70' title='bbox 818 1366 913 1448; x_wconf 73' lang='lat' dir='ltr'>clim</span> <span class='ocrx_word' id='word_1_71' title='bbox 933 1365 1083 1480; x_wconf 87' lang='lat' dir='ltr'>septem</span> <span class='ocrx_word' id='word_1_72' title='bbox 1101 1366 1262 1446; x_wconf 83' lang='lat' dir='ltr'>Alcuini</span> 
     </span>
     <span class='ocr_line' id='line_1_12' title="bbox 328 1475 1259 1592; baseline -0.001 -35"><span class='ocrx_word' id='word_1_73' title='bbox 328 1478 519 1560; x_wconf 81' lang='lat' dir='ltr'>adversits</span> <span class='ocrx_word' id='word_1_74' title='bbox 536 1477 662 1592; x_wconf 88' lang='lat' dir='ltr'>ipsum</span> <span class='ocrx_word' id='word_1_75' title='bbox 681 1479 773 1561; x_wconf 90' lang='lat' dir='ltr'>libri</span> <span class='ocrx_word' id='word_1_76' title='bbox 800 1480 899 1562; x_wconf 89' lang='lat' dir='ltr'>editi</span> <span class='ocrx_word' id='word_1_77' title='bbox 928 1477 1016 1560; x_wconf 87' lang='lat' dir='ltr'>sunt</span> <span class='ocrx_word' id='word_1_78' title='bbox 1036 1517 1044 1560; x_wconf 89' lang='lat'>:</span> <span class='ocrx_word' id='word_1_79' title='bbox 1068 1475 1135 1559; x_wconf 85' lang='lat' dir='ltr'>scd</span> <span class='ocrx_word' id='word_1_80' title='bbox 1156 1505 1259 1557; x_wconf 89' lang='lat' dir='ltr'>non.</span> 
     </span>
     <span class='ocr_line' id='line_1_13' title="bbox 217 1587 1259 1704; baseline -0.001 -33"><span class='ocrx_word' id='word_1_81' title='bbox 217 1587 220 1604; x_wconf 78' lang='lat'>&#39;</span> <span class='ocrx_word' id='word_1_82' title='bbox 330 1591 435 1700; x_wconf 82' lang='lat' dir='ltr'>dunr-</span> <span class='ocrx_word' id='word_1_83' title='bbox 458 1591 671 1673; x_wconf 80' lang='lat' dir='ltr'>damnatus</span> <span class='ocrx_word' id='word_1_84' title='bbox 709 1589 849 1678; x_wconf 80' lang='lat' dir='ltr'>fuerat¹</span> <span class='ocrx_word' id='word_1_85' title='bbox 867 1587 1114 1704; x_wconf 76' lang='lat' dir='ltr'>Aquisgrani.</span> <span class='ocrx_word' id='word_1_86' title='bbox 1145 1593 1259 1672; x_wconf 80' lang='lat' dir='ltr'>Nam</span> 
     </span>
     <span class='ocr_line' id='line_1_14' title="bbox 329 1701 1262 1810; baseline 0 -28"><span class='ocrx_word' id='word_1_87' title='bbox 329 1703 424 1784; x_wconf 74' lang='lat' dir='ltr'>citrn</span> <span class='ocrx_word' id='word_1_88' title='bbox 447 1701 518 1784; x_wconf 84' lang='lat' dir='ltr'>scri</span> <span class='ocrx_word' id='word_1_89' title='bbox 549 1701 595 1786; x_wconf 81' lang='lat' dir='ltr'>fit</span> <span class='ocrx_word' id='word_1_90' title='bbox 614 1703 833 1810; x_wconf 79' lang='lat' dir='ltr'>Alcuintn,</span> <span class='ocrx_word' id='word_1_91' title='bbox 854 1703 964 1799; x_wconf 76' lang='lat' dir='ltr'>Felix</span> <span class='ocrx_word' id='word_1_92' title='bbox 982 1704 1035 1784; x_wconf 83' lang='lat' dir='ltr'>ad</span> <span class='ocrx_word' id='word_1_93' title='bbox 1061 1706 1262 1786; x_wconf 82' lang='lat' dir='ltr'>vomitum</span> 
     </span>
     <span class='ocr_line' id='line_1_15' title="bbox 327 1732 1261 1918; baseline 0.002 -23"><span class='ocrx_word' id='word_1_94' title='bbox 327 1814 502 1898; x_wconf 82' lang='lat' dir='ltr'>reversus</span> <span class='ocrx_word' id='word_1_95' title='bbox 520 1732 702 1901; x_wconf 72' lang='lat' dir='ltr'>lraeresrm</span> <span class='ocrx_word' id='word_1_96' title='bbox 730 1814 838 1898; x_wconf 86' lang='lat' dir='ltr'>suam</span> <span class='ocrx_word' id='word_1_97' title='bbox 872 1815 1006 1898; x_wconf 82' lang='lat' dir='ltr'>adhuc</span> <span class='ocrx_word' id='word_1_98' title='bbox 1032 1813 1261 1918; x_wconf 83' lang='lat' dir='ltr'>retinebat,</span> 
     </span>
     <span class='ocr_line' id='line_1_16' title="bbox 328 1927 1263 2043; baseline -0.001 -35"><span class='ocrx_word' id='word_1_99' title='bbox 328 1927 465 2040; x_wconf 85' lang='lat' dir='ltr'>illique</span> <span class='ocrx_word' id='word_1_100' title='bbox 486 1929 718 2013; x_wconf 84' lang='lat' dir='ltr'>adhaerebat</span> <span class='ocrx_word' id='word_1_101' title='bbox 748 1932 1033 2043; x_wconf 78' lang='lat' dir='ltr'>pertinaciter,</span> <span class='ocrx_word' id='word_1_102' title='bbox 1052 1951 1098 2010; x_wconf 91' lang='lat' dir='ltr'>ut</span> <span class='ocrx_word' id='word_1_103' title='bbox 1125 1955 1174 2008; x_wconf 88' lang='lat' dir='ltr'>ex</span> <span class='ocrx_word' id='word_1_104' title='bbox 1205 1931 1263 2041; x_wconf 89' lang='lat' dir='ltr'>ip-</span> 
     </span>
     <span class='ocr_line' id='line_1_17' title="bbox 329 2037 1262 2145; baseline 0.003 -26"><span class='ocrx_word' id='word_1_105' title='bbox 329 2037 461 2125; x_wconf 88' lang='lat' dir='ltr'>sorum</span> <span class='ocrx_word' id='word_1_106' title='bbox 476 2041 672 2126; x_wconf 88' lang='lat' dir='ltr'>librorum</span> <span class='ocrx_word' id='word_1_107' title='bbox 692 2043 860 2124; x_wconf 77' lang='lat' dir='ltr'>lectione</span> <span class='ocrx_word' id='word_1_108' title='bbox 876 2041 1055 2145; x_wconf 76' lang='lat' dir='ltr'>constat3</span> <span class='ocrx_word' id='word_1_109' title='bbox 1072 2038 1182 2122; x_wconf 81' lang='lat' dir='ltr'>illam</span> <span class='ocrx_word' id='word_1_110' title='bbox 1195 2063 1262 2122; x_wconf 71' lang='lat' dir='ltr'>tu-</span> 
     </span>
     <span class='ocr_line' id='line_1_18' title="bbox 304 2151 1262 2266; baseline 0 -32"><span class='ocrx_word' id='word_1_111' title='bbox 304 2169 412 2234; x_wconf 86' lang='lat' dir='ltr'>&#39;tem</span> <span class='ocrx_word' id='word_1_112' title='bbox 429 2157 472 2233; x_wconf 89' lang='lat' dir='ltr'>in</span> <span class='ocrx_word' id='word_1_113' title='bbox 496 2153 683 2236; x_wconf 89' lang='lat' dir='ltr'>Concilio</span> <span class='ocrx_word' id='word_1_114' title='bbox 702 2153 1006 2266; x_wconf 79' lang='lat' dir='ltr'>Aquisgranenfi</span> <span class='ocrx_word' id='word_1_115' title='bbox 1037 2152 1089 2235; x_wconf 88' lang='lat' dir='ltr'>sro</span> <span class='ocrx_word' id='word_1_116' title='bbox 1115 2151 1262 2261; x_wconf 82' lang='lat' dir='ltr'>abjecit</span> 
     </span>
     <span class='ocr_line' id='line_1_19' title="bbox 330 2265 1262 2377; baseline 0.002 -33"><span class='ocrx_word' id='word_1_117' title='bbox 330 2272 369 2344; x_wconf 88' lang='lat'>&amp;</span> <span class='ocrx_word' id='word_1_118' title='bbox 397 2265 593 2372; x_wconf 84' lang='lat' dir='ltr'>ejuravit,</span> <span class='ocrx_word' id='word_1_119' title='bbox 616 2291 660 2346; x_wconf 93' lang='lat' dir='ltr'>ut</span> <span class='ocrx_word' id='word_1_120' title='bbox 689 2265 859 2348; x_wconf 84' lang='lat' dir='ltr'>eandem</span> <span class='ocrx_word' id='word_1_121' title='bbox 889 2265 1023 2377; x_wconf 83' lang='lat' dir='ltr'>postea</span> <span class='ocrx_word' id='word_1_122' title='bbox 1054 2292 1262 2376; x_wconf 82' lang='lat' dir='ltr'>nunquam</span> 
     </span>
     <span class='ocr_line' id='line_1_20' title="bbox 330 2372 1258 2491; baseline 0.003 -36"><span class='ocrx_word' id='word_1_123' title='bbox 330 2372 441 2456; x_wconf 87' lang='lat' dir='ltr'>ausus</span> <span class='ocrx_word' id='word_1_124' title='bbox 458 2375 580 2458; x_wconf 87' lang='lat' dir='ltr'>fuerit</span> <span class='ocrx_word' id='word_1_125' title='bbox 595 2377 729 2491; x_wconf 81' lang='lat' dir='ltr'>palam</span> <span class='ocrx_word' id='word_1_126' title='bbox 746 2376 1046 2459; x_wconf 84' lang='lat' dir='ltr'>defendere-aut</span> <span class='ocrx_word' id='word_1_127' title='bbox 1056 2377 1258 2491; x_wconf 84' lang='lat' dir='ltr'>profiterir</span> 
     </span>
     <span class='ocr_line' id='line_1_21' title="bbox 329 2488 1262 2604; baseline 0.002 -37"><span class='ocrx_word' id='word_1_128' title='bbox 329 2488 480 2602; x_wconf 82' lang='lat' dir='ltr'>scripsit</span> <span class='ocrx_word' id='word_1_129' title='bbox 495 2515 592 2604; x_wconf 86' lang='lat' dir='ltr'>ergo</span> <span class='ocrx_word' id='word_1_130' title='bbox 606 2489 797 2580; x_wconf 77' lang='lat' dir='ltr'>Alcuinus</span> <span class='ocrx_word' id='word_1_131' title='bbox 809 2513 903 2574; x_wconf 89' lang='lat' dir='ltr'>ante</span> <span class='ocrx_word' id='word_1_132' title='bbox 919 2488 1000 2571; x_wconf 94' lang='lat' dir='ltr'>hoc</span> <span class='ocrx_word' id='word_1_133' title='bbox 1017 2490 1262 2602; x_wconf 86' lang='lat' dir='ltr'>postremum</span> 
     </span>
     <span class='ocr_line' id='line_1_22' title="bbox 248 2600 1263 2716; baseline -0.003 -32"><span class='ocrx_word' id='word_1_134' title='bbox 248 2605 249 2608; x_wconf 60' lang='lat'>‘</span> <span class='ocrx_word' id='word_1_135' title='bbox 331 2600 591 2710; x_wconf 76' lang='lat' dir='ltr'>Concilium3</span> <span class='ocrx_word' id='word_1_136' title='bbox 619 2628 741 2716; x_wconf 82' lang='lat' dir='ltr'>atque</span> <span class='ocrx_word' id='word_1_137' title='bbox 766 2603 870 2686; x_wconf 81' lang='lat' dir='ltr'>adeo</span> <span class='ocrx_word' id='word_1_138' title='bbox 900 2621 1125 2715; x_wconf 71' lang='lat' dir='ltr'>¹antequam</span> <span class='ocrx_word' id='word_1_139' title='bbox 1151 2601 1263 2684; x_wconf 85' lang='lat' dir='ltr'>Felix</span> 
     </span>
     <span class='ocr_line' id='line_1_23' title="bbox 330 2713 1151 2826; baseline 0.002 -30"><span class='ocrx_word' id='word_1_140' title='bbox 330 2713 526 2826; x_wconf 88' lang='lat' dir='ltr'>Aquensrs</span> <span class='ocrx_word' id='word_1_141' title='bbox 540 2716 683 2799; x_wconf 80' lang='lat' dir='ltr'>Palatii</span> <span class='ocrx_word' id='word_1_142' title='bbox 696 2716 870 2798; x_wconf 86' lang='lat' dir='ltr'>Codices</span> <span class='ocrx_word' id='word_1_143' title='bbox 886 2713 1151 2798; x_wconf 76' lang='lat' dir='ltr'>adulterallet.</span> 
     </span>
     <span class='ocr_line' id='line_1_24' title="bbox 381 2827 1261 2942; baseline 0 -31"><span class='ocrx_word' id='word_1_144' title='bbox 381 2829 488 2942; x_wconf 74' lang='lat' dir='ltr'>‘Quae</span> <span class='ocrx_word' id='word_1_145' title='bbox 502 2828 598 2909; x_wconf 71' lang='lat' dir='ltr'>cltm</span> <span class='ocrx_word' id='word_1_146' title='bbox 614 2833 671 2910; x_wconf 82' lang='lat' dir='ltr'>ita</span> <span class='ocrx_word' id='word_1_147' title='bbox 687 2827 779 2934; x_wconf 86' lang='lat' dir='ltr'>fint,</span> <span class='ocrx_word' id='word_1_148' title='bbox 792 2833 878 2941; x_wconf 90' lang='lat' dir='ltr'>quis</span> <span class='ocrx_word' id='word_1_149' title='bbox 896 2853 981 2910; x_wconf 88' lang='lat' dir='ltr'>non</span> <span class='ocrx_word' id='word_1_150' title='bbox 1000 2831 1168 2910; x_wconf 85' lang='lat' dir='ltr'>miretur</span> <span class='ocrx_word' id='word_1_151' title='bbox 1179 2829 1261 2911; x_wconf 91' lang='lat' dir='ltr'>Cu-</span> 
     </span>
     <span class='ocr_line' id='line_1_25' title="bbox 330 2940 1263 3024; baseline -0.001 -3"><span class='ocrx_word' id='word_1_152' title='bbox 330 2940 519 3024; x_wconf 76' lang='lat' dir='ltr'>stantium</span> <span class='ocrx_word' id='word_1_153' title='bbox 540 2941 591 3024; x_wconf 88' lang='lat' dir='ltr'>lic</span> <span class='ocrx_word' id='word_1_154' title='bbox 610 2941 651 3022; x_wconf 96' lang='lat' dir='ltr'>lo</span> <span class='ocrx_word' id='word_1_155' title='bbox 683 2965 844 3024; x_wconf 83' lang='lat' dir='ltr'>nentem</span> <span class='ocrx_word' id='word_1_156' title='bbox 862 2978 871 3022; x_wconf 77' lang='lat' dir='ltr'>r</span> <span class='ocrx_word' id='word_1_157' title='bbox 889 2950 1114 3024; x_wconf 79' lang='lat' dir='ltr'>²Hincmarr&#39;</span> <span class='ocrx_word' id='word_1_158' title='bbox 1135 2969 1263 3022; x_wconf 78' lang='lat' dir='ltr'>narra-</span> 
     </span>
     <span class='ocr_line' id='line_1_26' title="bbox 329 2970 1259 3158; baseline -0.003 -26"><span class='ocrx_word' id='word_1_159' title='bbox 329 3065 421 3134; x_wconf 80' lang='lat' dir='ltr'>tioni</span> <span class='ocrx_word' id='word_1_160' title='bbox 429 3051 545 3158; x_wconf 80' lang='lat' dir='ltr'><em>fidem</em></span> <span class='ocrx_word' id='word_1_161' title='bbox 559 2970 722 3134; x_wconf 60' lang='lat' dir='ltr'>deuolat</span> <span class='ocrx_word' id='word_1_162' title='bbox 735 3054 891 3138; x_wconf 75' lang='lat' dir='ltr'>Alcuini</span> <span class='ocrx_word' id='word_1_163' title='bbox 905 3117 919 3151; x_wconf 93' lang='lat'><em>,</em></span> <span class='ocrx_word' id='word_1_164' title='bbox 935 3053 1089 3138; x_wconf 82' lang='lat' dir='ltr'>Concilii</span> <span class='ocrx_word' id='word_1_165' title='bbox 1103 3065 1259 3136; x_wconf 83' lang='lat' dir='ltr'>Franco.</span> 
     </span>
     <span class='ocr_line' id='line_1_27' title="bbox 320 3165 1265 3279; baseline 0 -35"><span class='ocrx_word' id='word_1_166' title='bbox 320 3165 532 3279; x_wconf 72' lang='lat' dir='ltr'>fhrdt&#39;enfis,</span> <span class='ocrx_word' id='word_1_167' title='bbox 542 3166 789 3277; x_wconf 76' lang='lat' dir='ltr'>aliorumque,</span> <span class='ocrx_word' id='word_1_168' title='bbox 804 3181 869 3278; x_wconf 84' lang='lat' dir='ltr'>qui</span> <span class='ocrx_word' id='word_1_169' title='bbox 886 3191 1009 3248; x_wconf 87' lang='lat' dir='ltr'>contra</span> <span class='ocrx_word' id='word_1_170' title='bbox 1024 3165 1181 3250; x_wconf 83' lang='lat' dir='ltr'>Felicem</span> <span class='ocrx_word' id='word_1_171' title='bbox 1194 3189 1265 3245; x_wconf 78' lang='lat' dir='ltr'>aut</span> 
     </span>
     <span class='ocr_line' id='line_1_28' title="bbox 331 3264 1264 3394; baseline -0.003 -33"><span class='ocrx_word' id='word_1_172' title='bbox 331 3264 546 3385; x_wconf 76' lang='lat' dir='ltr'>Elzpantu‘m</span> <span class='ocrx_word' id='word_1_173' title='bbox 567 3281 810 3394; x_wconf 61' lang='lat' dir='ltr'>scripserunt,</span> <span class='ocrx_word' id='word_1_174' title='bbox 837 3294 950 3361; x_wconf 81' lang='lat' dir='ltr'>etiam</span> <span class='ocrx_word' id='word_1_175' title='bbox 977 3279 1146 3392; x_wconf 75' lang='lat' dir='ltr'>trcafione</span> <span class='ocrx_word' id='word_1_176' title='bbox 1172 3279 1264 3359; x_wconf 74' lang='lat' dir='ltr'>dani</span> 
     </span>
     <span class='ocr_line' id='line_1_29' title="bbox 329 3391 1262 3506; baseline -0.002 -34"><span class='ocrx_word' id='word_1_177' title='bbox 329 3393 372 3472; x_wconf 85' lang='lat' dir='ltr'>de</span> <span class='ocrx_word' id='word_1_178' title='bbox 385 3422 430 3470; x_wconf 84' lang='lat' dir='ltr'>ea</span> <span class='ocrx_word' id='word_1_179' title='bbox 446 3395 694 3490; x_wconf 61' lang='lat' dir='ltr'>normandi,</span> <span class='ocrx_word' id='word_1_180' title='bbox 704 3395 912 3506; x_wconf 76' lang='lat' dir='ltr'>filentmm?</span> <span class='ocrx_word' id='word_1_181' title='bbox 929 3391 1133 3476; x_wconf 87' lang='lat' dir='ltr'>Existimat</span> <span class='ocrx_word' id='word_1_182' title='bbox 1151 3417 1262 3472; x_wconf 86' lang='lat' dir='ltr'>nem-</span> 
     </span>
     <span class='ocr_line' id='line_1_30' title="bbox 328 3502 1260 3618; baseline 0.002 -34"><span class='ocrx_word' id='word_1_183' title='bbox 328 3529 379 3618; x_wconf 87' lang='lat' dir='ltr'>pe</span> <span class='ocrx_word' id='word_1_184' title='bbox 405 3506 583 3586; x_wconf 76' lang='lat' dir='ltr'>eruditus</span> <span class='ocrx_word' id='word_1_185' title='bbox 604 3506 855 3610; x_wconf 84' lang='lat' dir='ltr'>Monachus,</span> <span class='ocrx_word' id='word_1_186' title='bbox 872 3503 1113 3613; x_wconf 70' lang='lat' dir='ltr'>Alethium,</span> <span class='ocrx_word' id='word_1_187' title='bbox 1134 3502 1260 3590; x_wconf 82' lang='lat' dir='ltr'>l&#39;auli-</span> 
     </span>
    </p>
   </div>
   <div class='ocr_carea' id='block_1_6' title="bbox 351 3645 587 3728">
    <p class='ocr_par' dir='ltr' id='par_1_6' title="bbox 351 3645 587 3728">
     <span class='ocr_line' id='line_1_31' title="bbox 351 3645 587 3728; baseline 0.013 -26"><span class='ocrx_word' id='word_1_188' title='bbox 351 3656 364 3684; x_wconf 82' lang='lat'>⁸</span> <span class='ocrx_word' id='word_1_189' title='bbox 379 3645 452 3714; x_wconf 78' lang='lat' dir='ltr'>ibid.</span> <span class='ocrx_word' id='word_1_190' title='bbox 463 3663 530 3728; x_wconf 78' lang='lat' dir='ltr'><strong>pag.</strong></span> <span class='ocrx_word' id='word_1_191' title='bbox 542 3665 587 3714; x_wconf 51' lang='lat' dir='ltr'>on,</span> 
     </span>
    </p>
   </div>
   <div class='ocr_carea' id='block_1_7' title="bbox 0 0 1486 4558">
    <p class='ocr_par' dir='ltr' id='par_1_7' title="bbox 0 0 1486 4558">
     <span class='ocr_line' id='line_1_32' title="bbox 0 0 1486 4558; baseline 0 0"><span class='ocrx_word' id='word_1_192' title='bbox 0 0 1486 4558; x_wconf 95' lang='lat' dir='ltr'> </span> 
     </span>
    </p>
   </div>
  </div>
 </body>
</html>
