2908 4544
382 279 453 401 ¹556
600 295 666 378 De
682 288 862 373 veteribus
884 267 1094 376 I-Iaerrricit
1169 284 1175 334 ·'
1249 253 1251 259 Ι

500 510 506 518 ’
595 511 886 605 Terrururris
910 499 1098 636 conclufio.

379 731 608 1044 QUod
633 735 809 852 primum
839 734 921 817 hoc
944 738 986 818 in
1009 729 1184 816 secundo
1208 728 1317 814 libro

319 998 323 1007 ·
377 955 425 1041 sae

513 847 871 932 demonstrandum
899 843 1168 958 susceperam,
1196 848 1318 926 variis

428 989 476 1042 cu
493 965 524 1042 is
555 958 724 1044 extitiffe
752 957 969 1062 Falsarior,
988 961 1059 1070 qui
1085 961 1128 1040 in
1154 956 1314 1041 adulte.

374 1073 511 1156 randis
524 1077 755 1158 Sanuorum
775 1075 940 1154 Parrum
960 1069 1069 1152 libris
1084 1067 1216 1152 aliisve
1228 1098 1315 1149 mo
1395 1141 1398 1152 .

375 1191 578 1270 numenrir
603 1183 879 1269 Ecclefiasticis
905 1211 934 1264 o
960 1209 1073 1266 eram
1089 1189 1130 1265 δι
1155 1203 1316 1295 tempus

376 1295 659 1404 collocarunt,
682 1295 828 1411 eosque
856 1209 1047 1380 Falfarios
1072 1293 1312 1409 plerumque

377 1410 602 1512 Haereriros
618 1405 727 1493 fuiffe
743 1445 753 1494 z
769 1409 811 1490 id
830 1404 991 1520 jam,ut
1003 1429 1102 1522 puro
1114 1473 1126 1512 ,
1138 1410 1181 1488 in
1198 1433 1223 1488 a
1276 1435 1315 1486 ra

377 1541 423 1603 to
442 1523 614 1638 pofirunr
631 1519 715 1627 est,
731 1547 807 1604 nec
827 1519 934 1603 ultra
953 1523 1089 1603 venire
1116 1431 1317 1634 poterin

329 1711 330 1714 a
378 1631 704 1718 controverfiam.
726 1637 889 1832 Quippe
918 1655 984 1716 tot
1012 1633 1119 1714 inter
1139 1629 1316 1746 perfidos

377 1741 588 1854 homines,
631 1762 704 1830 'uos
721 1772 770 1830 ve
833 1748 940 1830 rimis
954 1743 1135 1830 Ecclefiae
1154 1735 1317 1826 nascen-

378 1773 783 1974 tirtemporrluuvel
800 1773 909 1943 fubst
941 1854 1124 1942 uentibus
1145 1853 1314 1960 saeculr's,

377 1961 455 2056 sese
475 1975 641 2056 crimine
657 1885 1318 2075 falfimaculapseosteudimusqix

369 2077 1317 2200 umwfflmfflwmmffl

376 2194 521 2282 fraude
541 2195 677 2283 haerefi
694 2195 813 2280 alicui
825 2197 1095 2312 patrocinium
1107 2191 1309 2308 quaefierir.

1419 2053 1422 2116 1

376 2305 590 2392 Eximendi
616 2331 754 2391 tamen
773 2306 825 2389 ab
848 2309 1149 2393 Haerericorum
1177 2327 1310 2390 nume-
1421 2335 1422 2410 ;

377 2445 452 2524 ro,
473 2421 542 2534 qui
562 2419 802 2504 attributum
821 2416 1044 2536 Augustino
1066 2418 1216 2503 librum
1238 2445 1314 2500 corr-

377 2531 907 2649 rraquinqar'bostiumger'rera
917 2537 1047 2632 ,inter
1104 2531 1320 2647 fitflgenui-

280 2681 285 2691 ·
378 2670 434 2730 no
451 2650 580 2732 textui
601 2645 707 2731 nova
725 2643 1041 2751 sentenriss,frau
1073 2644 1232 2730 ulenter
1250 2641 1321 2727 dr-

377 2757 1321 2874 pravarunr.Namillirr'rmcontenderrntDei-

376 2893 494 2954 tarem
513 2871 622 2958 reor
649 2869 730 2955 dici
751 2869 858 2986 poffe
880 2884 1046 2969 trinam,
1068 2867 1228 2955 causam
1248 2869 1320 2954 de-

376 2979 627 3090 fendebant,
676 3009 769 3069 uam
787 3009 909 3067 nemo
936 2982 1174 3068 Catholicur
1192 2981 1319 3066 haere-

376 3096 424 3179 fir
442 3119 586 3183 notare
608 3124 656 3181 ve
677 3101 683 3116 '
707 3103 716 3180 '.
742 3097 799 3180 Ar
814 3095 938 3186 iidem
960 3095 1018 3179 illi
1038 3089 1188 3179 affeclae
1202 3119 1322 3180 erant

377 3215 418 3295 &
435 3208 613 3296 fautores
630 3205 892 3294 Gorhescalci
911 3207 1154 3293 Orbacenfis
1175 3211 1323 3293 Mona-

374 3321 444 3406 chi
455 3390 467 3427 ,
479 3349 600 3439 quem
618 3321 772 3407 haetefis
789 3317 1016 3406 accusatum
1032 3348 1116 3404 non
1133 3317 1312 3407 semel&

376 3431 639 3533 damnatum,
662 3434 776 3519 malis
791 3433 942 3518 artibus
961 3431 1175 3519 ac'dolofis
1194 3428 1315 3550 scrip-

375 3552 427 3633 tis
452 3547 721 3637 Ecclesiastico
753 3547 903 3660 judicia
931 3547 1095 3634 eludere
1120 3569 1317 3632 conatum

291 3689 327 3729 ν·
372 3659 451 3748 effe
465 3652 605 3748 onrnes
628 3686 791 3747 norunt.
812 3664 956 3776 Quare
983 3685 1068 3748 noo
1086 3663 1234 3748 mirum
1254 3655 1317 3748 est
