2908 4544
356 321 426 402 530
570 299 634 376 Dc
651 289 836 370 veteribus
855 296 1061 372 Haeretics'r

387 429 438 489 ua
459 399 718 486 defendenda
747 399 816 483 etli
842 429 985 515 parum
1014 399 1189 492 feliciter
1207 427 1303 485 ver.

357 433 460 602 fatus
478 513 558 620 est,
578 540 714 597 tamen
736 513 846 594 illam
866 512 1008 626 quibus
1029 517 1163 626 potuit
1183 542 1307 628 argu-

357 633 503 712 mentis
525 626 720 710 defendit.
732 625 854 709 Unde
878 625 996 709 valde
1014 628 1148 706 mirati
1167 623 1303 709 fumus

281 807 284 814 .
358 745 499 856 negari
515 741 538 822 i
555 739 794 837 Custantio·
816 768 894 820 eum
909 750 975 848 qui
1000 735 1131 818 librum
1152 762 1304 824 contra

358 858 537 966 quinque
553 851 727 935 hostium
749 876 899 966 genera
913 849 1044 936 Carolo
1061 848 1182 936 Calvo
1201 861 1260 933 Re
1295 865 1304 877 ‘

359 965 516 1070 obtulit,
535 964 758 1077 Gothescalci
773 959 821 1060 ὠ*
839 973 1038 1059 Ratramni
1047 961 1218 1069 partibus
1228 881 1304 1066 sii,-

360 1075 457 1187 unffi.
470 1075 560 1160 Esto
572 1073 867 1182 enim‚fraudis
885 1075 1209 1180 illenecauttor,
1224 1101 1305 1160 nec

360 1187 734 1273 conscius'dicatur.
755 1190 812 1270 At
837 1187 951 1271 certe
980 1183 1155 1302 ipfo'rum
1173 1193 1302 1303 patti-

358 1304 435 1384 -bus
457 1298 644 1405 favebat,
664 1303 734 1414 qui
752 1295 927 1415 ipsorum
950 1295 1131 1404 causam,
1149 1324 1235 1382 tum
1256 1305 1302 1384 in

362 1415 496 1526 Regio
532 1411 726 1518 Palatio,
757 1437 844 1496 tum
873 1410 1010 1526 posted
1041 1419 1084 1495 in
1113 1413 1306 1496 Concilio

364 1521 618 1610 Suellionenfi
635 1523 770 1639 palam
785 1522 962 1638 suscepit.

418 1637 495 1721 Sed
515 1637 587 1720 illa
605 1663 677 1752 per
697 1638 1005 1752 incogitantiam
1028 1639 1116 1720 viro
1141 1635 1305 1752 religio.

363 1749 404 1832 fo
422 1751 661 1833 exciderint.
677 1747 824 1833 Saltem
844 1775 894 1832 ex
908 1748 993 1853 his,
1006 1776 1095 1863 quae
1111 1748 1304 1834 hactenus

364 1861 536 1945 diximus
568 1861 750 1960 constat,
777 1865 980 1946 neminem
1008 1862 1088 1968 jam
1117 1861 1305 1948 dubitare

336 2031 350 2058 .
362 1969 497 2092 polle,
517 1969 615 2089 quin
641 1963 886 2061 adventitius
913 1973 982 2058 ille
1010 1970 1122 2058 locus
1138 2043 1151 2081 ,
1168 1976 1303 2088 primd

350 2088 531 2201 ¹quidem
553 2085 605 2170 ab
624 2086 879 2172 adulterante
898 2083 1019 2176 fuerit
1036 2089 1078 2169 in
1097 2087 1305 2170 coenosum

366 2197 573 2312 exemplar
592 2199 851 2314 impudenter
866 2196 1184 2314 superinductus,
1195 2199 1306 2284 dein-

366 2309 419 2392 de
435 2315 558 2392 etiam
579 2307 858 2393 fraudulenter
873 2309 1111 2394 transmissus
1127 2379 1139 2418 ,
1160 2311 1245 2394 calm
1263 2317 1306 2396 in

367 2419 515 2504 librum
528 2420 1309 2538 Regium,qudminQuaterniones,qui

367 2558 418 2617 ex
436 2561 519 2616 uno
543 2533 772 2648 eodemque
790 2529 906 2619 fonte
924 2533 1213 2650 profluxerant.
1228 2541 1309 2622 His

277 2685 284 2698 ·
369 2670 505 2756 autem
535 2643 654 2732 semel
687 2647 992 2753 demonstratis,
1019 2647 1309 2764 supervacuum

351 2761 426 2863 ‚est
448 2762 508 2844 his
530 2766 738 2845 immorari
764 2761 998 2874 conjecturis
1022 2761 1313 2872 confutandis,

371 2873 469 2986 quas
490 2871 578 2956 fust
595 2869 856 2959 Adversarius
873 2875 1091 2988 proponit3
1111 2873 1206 2958 culm
1227 2881 1310 2983 ait,
1438 2897 1439 2954 1

370 2981 572 3070 bfortaffe
601 2987 787 3073 laudatos
814 2984 866 3072 ab
886 2987 1118 3072 Hincmaro
1146 2988 1311 3076 codices

371 3094 481 3183 fuiffe
498 3098 671 3183 mutilos:
691 3097 854 3184 fortasse
868 3097 1016 3205 verba,
1032 3117 1138 3210 quae‘
1155 3103 1218 3183 ide
1233 3132 1314 3188 con·

364 3211 462 3327 ficltd
479 3211 632 3322 immissa
646 3209 710 3321 effi
723 3213 829 3314 vult,
841 3215 985 3294 innoxie*
995 3226 1136 3322 omnino
1150 3245 1198 3294 ex
1214 3247 1314 3298 mar.

280 3330 288 3350 '
370 3337 454 3439 gine
477 3339 516 3408 in
544 3349 684 3414 textum
703 3323 812 3436 fitiffe
837 3321 1043 3428 translata.-
1069 3325 1317 3416 fortaffelin

373 3437 573 3540 codicibus,
592 3468 680 3553 quot
699 3451 755 3530 H
756 3453 933 3526 immarus
946 3463 1013 3546 pro
1033 3452 1132 3523 veris
1148 3440 1314 3552 habuit,

402 3621 499 3699 'Pup
519 3627 577 3688 165.
849 3599 853 3608 ’
887 3581 900 3656 ‘¹
911 3619 978 3698 Pag.
993 3638 1061 3693 ¹4⁰·

400 3691 502 3782 ⁸9²8·
521 3715 580 3774 ¹55·
883 3697 982 3762 libid.
1102 3745 1108 3756 .
