3012 4574
359 321 439 400 290
577 305 642 380 De
661 301 844 382 veteribus
862 313 920 386 Η
920 317 1071 398 μενεήιὲ

219 410 221 414 ’
310 424 336 465 ”
358 409 401 486 in
421 404 545 488 Prolo
574 435 625 509 o,
641 415 682 492 &
698 415 741 493 in
762 409 1002 501 Praefatione
1025 417 1119 512 libri
1140 425 1260 506 tertii.
1274 459 1300 497 ι»

357 517 462 606 Haec
479 433 745 606 illusiriffimus
761 520 996 642 Episcopus,
1015 559 1137 644 quem
1153 561 1298 639 nemu,

358 635 529 744 opinor,
551 635 820 720 inconcussam
851 639 1102 726 Traditionis
1129 647 1296 730 patrum

360 748 442 828 vim
456 741 677 860 infringere
694 746 856 836 voluisse
874 742 1139 868 suspicabitur.

618 1097 839 1188 Cirnr¹
889 1109 1035 1193 VIII.

357 1316 398 1394 8.
411 1309 654 1419 Augustinum
671 1312 746 1391 illis
758 1311 835 1426 sese
849 1315 1072 1426 adjunxiffe‚
1090 1331 1157 1430 qui
1174 1324 1304 1427 erasti-¹

412 1443 562 1501 mantnt
572 1419 623 1500 ab
642 1433 698 1504 H
698 1438 849 1505 aereticis
864 1455 913 1507 ea
930 1427 994 1538 effa
1011 1429 1194 1516 malitiosi
1207 1434 1296 1546 strp-

309 1600 320 1613 .
405 1528 544 1640 prefflt,
562 1531 693 1644 quibus
706 1543 744 1618 S.
761 1548 963 1648 Cyprianus
971 1543 1080 1656 suum
1096 1545 1141 1626 de
1157 1545 1297 1661 baptis-

412 1673 470 1726 mo
493 1669 642 1730 Crwrrm
659 1673 871 1734 correxerat.

486 1985 653 2066 Patrurn
669 1982 760 2068 loca
774 1981 827 2067 ab
848 1987 1062 2076 Haereticis
1083 1992 1193 2082 fuisse
1214 2028 1299 2081 ma-

359 2093 495 2182 linose
517 2093 767 2208 depravata,
789 2094 1002 2189 insurrexit
1021 2109 1063 2188 in
1084 2135 1150 2192 ine
1168 2137 1297 2191 novus

360 2234 544 2291 veterum
568 2205 756 2292 codicum
779 2211 967 2319 Vindex,
996 2239 1104 2298 ratus
1126 2220 1298 2302 concedi

359 2347 445 2402 non
491 2318 570 2401 oiie
585 2318 721 2433 aliqua
741 2323 906 2406 Petrum
925 2352 1048 2439 opera
1066 2324 1176 2411 fuiffe
1199 2329 1298 2419 olim

360 2427 414 2514 ab
479 2435 645 2514 aereticis
661 2432 823 2539 falsata,
843 2439 940 2547 quin
955 2437 1119 2525 ‚codices
1133 2469 1299 2553 omnes,

361 2542 505 2658 quibus
519 2569 699 2628 veterum
715 2548 877 2628 Patrunr
893 2545 1191 2639 lucubrationes
1206 2587 1301 2643 con·

361 2661 562 2760 tinentur,
582 2651 741 2773 suspecti
754 2653 990 2760 fiantlion
1001 2665 1059 2746 ita
1072 2660 1188 2752 sensit
1202 2670 1302 2757 olim

361 2769 628 2884 Augustinus:
661 2797 735 2852 nec
757 2773 890 2852 timuit
910 2769 987 2857 sese
1003 2774 1083 2869 illis
1103 2782 1297 2898 adjunge.

362 2909 429 2989 te,
454 2886 523 2995 qui
546 2884 580 2966 S.
606 2883 799 3076 Cypriani
820 2882 1007 2998 opuscula
1025 2915 1099 3003 per
1113 2891 1299 2982 fraudem

364 2994 586 3108 depravata
604 3001 667 3078 exi
701 2999 896 3105 imarent,
916 3008 957 3085 &
984 3004 1172 3118 quaedam
1189 3012 1233 3091 in
1253 3016 1300 3096 iit

361 3105 472 3194 fuisse
492 3105 696 3222 suppressa.

418 3225 583 3334 Nempe
616 3219 841 3308 Catholicae
869 3231 1047 3340 veritatis
1073 3232 1302 3324 defensores

311 3359 313 3367 ⁴
363 3362 447 3416 non
475 3337 621 3449 pauci,
660 3333 756 3417 citrn
787 3333 931 3424 scirent
949 3345 1073 3429 nean
1105 3350 1300 3464 Cypriani

364 3445 611 3531 sanciitatem
636 3451 843 3562 praedicari
867 3453 920 3534 ab
949 3459 1166 3567 omnibus,
1187 3491 1299 3548 eum.

360 1861 562 2108 QUia
591 1896 669 1984 ego
693 1869 823 1986 scripsi
845 1875 1048 1963 'nonnulla
1075 1879 1300 1971 sanctorum

364 3588 444 3756 pue
463 3592 537 3676 pro
549 3560 699 3645 Christi
716 3562 796 3650 fide
817 3591 990 3652 mortem
1007 3571 1168 3660 fortiter
1187 3577 1301 3662 obiis-

380 3700 426 3757 e:
445 3705 528 3761 non
546 3702 738 3791 poterant
755 3683 799 3764 in
816 3681 995 3768 animum
1013 3687 1226 3798 inducere,
1244 3716 1302 3776 ται
