2908 4544
301 338 525 450 Ecclesiastic.
542 336 710 420 Codicum
727 337 1001 442 corruptoribus.
1041 348 1120 449 485

190 454 398 555 Socrates,
417 448 585 534 &sexta
608 446 791 562 Synodus
819 451 1120 556 oecumenica,

188 578 267 643 ut·
289 558 402 678 sopri
427 556 744 645 demonstratum
765 560 833 642 est.
857 565 959 674 Qae
983 571 1118 646 omnia

189 671 309 755 facist
344 678 492 777 etiam,
519 697 564 753 ut
593 677 765 786 opinor,
791 674 1119 758 condonarentur

189 783 1119 892 Hincmar0‚s1nullamilleeorumfeciffetmen-

189 901 368 1002 tionem,
389 903 457 1011 qui
473 894 693 980 sannorum
710 896 858 1011 Hilarii
877 905 916 980 &
934 900 1117 1012 Augusti-

188 1013 230 1090 ni
246 1009 406 1093 codices
415 1009 570 1118 aliquot
581 1006 829 1092 falsaverant.
845 1011 1000 1094 Verirm
1015 1011 1120 1094 istud

188 1147 273 1202 non
292 1121 537 1234 praetermisit
554 1155 563 1204 ι
582 1128 621 1202 &
640 1125 771 1234 arguit
799 1119 884 1204 falsa
908 1120 1119 1206 lenonem

190 1257 312 1313 unam
331 1258 400 1314 aut
418 1231 610 1336 alteram,
629 1260 748 1344 quam
767 1230 986 1315 sanstorum
1004 1236 1121 1318 Hila-

190 1345 238 1424 rii
248 1352 289 1426 &
303 1342 507 1459 Augustini
519 1345 700 1426 Editores
714 1341 926 1458 genuinam
944 1351 1020 1429 rati
1032 1373 1120 1431 tex-

191 1459 251 1536 tui
267 1451 526 1541 inseruerunt.
540 1457 636 1538 Hoc
649 1457 862 1539 Hincrnari
878 1461 1028 1542 crimen
1044 1460 1122 1544 e'st:

192 1567 301 1676 cujus
311 1565 424 1672 causa
433 1593 566 1651 utrum
580 1567 831 1682 aequasrt‚a'n
844 1573 1001 1684 iniqua,
1015 1601 1123 1656 nunc

191 1677 513 1794 expendendum.

245 1796 307 1874 Ac
328 1793 462 1905 primo·
478 1793 529 1875 de
550 1793 708 1876 Hilarii
721 1793 814 1874 loco
832 1857 843 1895 ,
863 1818 981 1906 quem
1011 1793 1124 1879 Felix

195 1903 456 2018 Orgelitanus
473 1907 673 2018 corrupit,
687 1909 859 2018 egimus:
876 1903 995 1986 restat
1011 1928 1055 1986 ut
1069 1903 1123 1992 d'e

192 2015 272 2098 alio
292 2043 398 2097 nunc
419 2043 605 2130 agamuS,
623 2043 742 2128 quem
771 2019 811 2097 in
833 2013 976 2097 librum
1001 2041 1126 2099 contra

191 2139 349 2240 quinque
366 2127 510 2236 boilum
527 2158 658 2244 genera
680 2133 769 2241 (qui
789 2127 892 2209 liber
910 2153 1007 2210 tunc
1025 2153 1124 2212 tem.

190 2246 300 2355 poris
322 2239 540 2356 Augustino
564 2239 840 2341 tribuebatur)
863 2238 1122 2326 Gothescalci

190 2351 367 2438 fautores
386 2357 634 2437 invexerunt.
657 2350 886 2466 Priusquam
906 2377 1041 2437 tamen
1060 2352 1122 2435 lo-

192 2493 283 2547 cum
307 2464 417 2546 iilum
438 2464 708 2549 adulterinum
726 2469 998 2569 excutiamus,
1022 2493 1125 2577 quae-

192 2573 288 2658 dam
307 2577 648 2689 praetermittenda
676 2575 791 2676 sunt,
809 2574 903 2654 cum
922 2575 974 2656 de
993 2581 1124 2657 aueto-

192 2685 351 2798 reiibri
375 2710 495 2768 contra
521 2700 679 2796 quinque
697 2685 843 2791 hosfium
860 2713 1012 2796 genera,
1032 2685 1121 2770 titm

193 2803 314 2881 etiam
331 2797 384 2882 de
401 2801 661 2879 contentione
678 2794 769 2898 illa,
788 2823 874 2909 qua
894 2796 1130 2881 adulteranae

194 2909 236 2993 di
253 2911 356 2994 illius
377 2909 469 2992 libri
490 2907 739 2994 occafionem
756 2907 881 2994 dedit.

214 3051 301 3111 Ἧι.
315 3071 336 3112 t·
351 3069 425 3134 part·
443 3069 467 3112 ι.
478 3069 539 3132 cap.
552 3069 594 3127 ις.
609 3055 637 3110 ει
653 3057 739 3121 ru&
750 3049 799 3114 lib.
814 3069 840 3110 a.
852 3063 922 3131 patt-
936 3067 961 3110 ι.
975 3064 1036 3130 cap.
1051 3066 1094 3118 17·
1155 3095 1160 3102 .

595 3337 733 3484 iiii
