3036 4592
355 262 430 384 36,
483 293 486 301 ’
529 263 534 273 ’
581 265 841 358 Deurteribua
854 263 1062 352 Hamae

304 399 329 440 u
353 377 475 488 igitur
489 371 591 460 illud
608 380 789 464 tulerunt
804 377 957 494 Judaei,
986 399 1039 463 ne
1056 377 1295 463 viderentur

304 511 329 552 ¹³
353 482 427 572 effe
449 485 517 571 sub
542 493 781 596 maledicio,
808 490 835 572 fi
865 520 948 574 non
972 487 1129 606 pollent
1151 497 1288 575 omnia

302 623 328 665 ²²
354 600 557 716 complere
579 633 664 722 quae
686 599 830 717 scripta
846 601 944 687 sunt.
980 616 985 626 '

405 715 535 797 Porro
547 716 721 798 haecduo
732 719 1045 800 Deuteronomii
1056 717 1147 800 loca
1158 717 1286 829 quan-2

314 867 319 874 ·
350 823 1287 1021 juantsancliffimusDostorsuspicatusestalJu-

380 945 443 1021 aeis
456 945 670 1021 immutata
691 941 733 1018 in
753 939 969 1024 Hebraicis
992 939 1284 1044 voluminibus,

324 1083 327 1088 ·
347 1077 432 1144 non
444 1047 553 1132 ausus
573 1049 628 1133 est
649 1074 787 1133 tamen·
805 1057 848 1135 in
866 1054 1045 1136 editione
1062 1052 1128 1136 sua
1140 1057 1286 1136 Latina

349 1159 401 1244 si'c
413 1161 637 1265 restituere,
648 1187 694 1244 ut
705 1162 849 1277 scripta
861 1165 958 1248 olim
969 1161 1079 1248 fuilse
1097 1163 1176 1278 ipse
1187 1193 1286 1246 con-

346 1269 521 1385 jiciebat.
554 1275 811 1389 intelligebat
839 1281 1025 1360 nimirum
1061 1283 1099 1362 ei
1133 1282 1202 1390 qui
1228 1274 1286 1358 sa-

348 1415 439 1468 cros
450 1386 594 1470 Libros
611 1392 920 1501 interpretatur,
941 1419 1023 1472 non
1038 1384 1112 1472 else
1131 1389 1286 1472 licitum

351 1503 566 1612 quicquam
586 1504 799 1582 immutare
812 1527 862 1582 ex
882 1498 962 1580 sola
978 1499 1216 1613 suspicione,
1237 1528 1288 1584 ex

350 1639 463 1728 mera
482 1613 734 1722 conjectura,
765 1617 944 1723 quamvis
967 1612 1039 1694 ista
1061 1610 1224 1726 suspicio
1248 1621 1290 1697 &

353 1725 580 1837 conjectura
591 1724 793 1840 probabili
802 1729 961 1809 ratione
977 1729 1052 1806 niti
1064 1729 1260 1808 videatur.

404 1841 464 1924 Eir
488 1836 549 1919 his
570 1866 656 1950 quae
675 1837 862 1928 haclenus
879 1836 1108 1942 retulimuS,
1133 1837 1290 1951 colligi-

351 1975 420 2034 tur
445 1947 583 2032 saltem
611 1947 833 2033 sanctorum
864 1953 1176 2064 Hieronymi&
1205 1953 1289 2032 Au-

353 2061 498 2178 gustini
523 2063 673 2170 judicio
705 2060 875 2144 liberum
909 2060 983 2154 effe
1014 2062 1178 2145 cuilibet
1199 2065 1289 2164 ¹Ca-

354 2176 510 2260 tholico
535 2173 694 2289 perfidis
724 2174 870 2290 Judaeis
898 2173 1149 2288 exprobare,
1178 2174 1291 2288 quod

356 2285 590 2372 Christianae
629 2285 851 2401 Religionis
885 2286 982 2368 odio
1014 2290 1124 2368 varia
1166 2292 1294 2370 Sacrae

356 2404 567 2515 Scripturae
605 2399 697 2481 loca
726 2396 917 2482 eraserint
951 2398 1014 2482 vel
1051 2397 1291 2504 falsaverint.

354 2513 482 2627 Qtod
497 2537 666 2628 uterque
681 2508 1000 2597 sanuusuoaor
1018 2510 1187 2619 censuit,
1206 2509 1294 2626 pos-¹

354 2625 455 2708 leid
477 2629 628 2708 crimen
646 2625 792 2742 Judaeis
810 2623 930 2736 objici
951 2624 1031 2708 fine
1053 2625 1291 2708 Catholico-

354 2767 444 2820 rum
464 2735 708 2842 offensione,
741 2737 873 2852 plures
904 2736 1108 2822 Catholici
1133 2740 1290 2821 noeto.
1370 2742 1374 2750 '

356 2877 419 2934 res
428 2849 575 3046 postea
591 2848 785 2934 fecerunt.
823 2852 958 2963 Atque
974 2855 1096 2938 exiis
1126 2855 1292 2962 triginta

357 2963 425 3046 lau
456 2988 499 3047 at
515 2966 572 3046 D.
584 2965 749 3046 'Pezron
767 2968 808 3048 in
828 2962 952 3046 Libro
977 2967 1040 3045 cui
1058 2963 1196 3045 titulus
1211 2961 1291 3065 est,

358 3087 588 3187 Antiquitas
608 3101 799 3181 tempomm
812 3099 1064 3189 propugnata:
1086 3073 1154 3156 ubi
1171 3083 1293 3158 etiam

302 3271 305 3276 ,
361 3189 491 3273 multa
520 3192 729 3302 Scripturae
754 3188 845 3271 loca
863 3187 1040 3301 profert,
1068 3215 1154 3298 quae
1177 3184 1200 3266 al
1223 3188 1291 3301 Jo-

362 3302 455 3384 daeis
472 3299 613 3383 falsata
634 3296 708 3384 elle
739 3303 961 3384 contendit.
995 3302 1119 3407 Cujus
1139 3303 1294 3411 opinio-

361 3413 544 3499 nemersi
563 3413 881 3527 amplectendam
894 3441 977 3494 non
991 3437 1150 3524 putem,
1169 3412 1299 3498 nolim

365 3551 503 3612 tamen
528 3551 672 3610 notare
691 3523 863 3610 censura.
897 3523 1025 3606 Porro
1046 3522 1074 3604 si
1097 3523 1192 3607 licet
1210 3523 1296 3606 abs.

259 3666 262 3672 ·
366 3668 445 3755 que
473 3639 554 3730 ulla
589 3635 862 3758 Pyrrhonismi
888 3631 1102 3754 suspicione
1138 3636 1300 3755 Judaeos
