3018 4572
353 232 430 338 176
588 235 653 316 De
666 226 847 312 veteribus
865 235 1074 314 Haereticls

491 398 650 488 Dicens,
674 373 945 474 lunationibus

492 505 721 616 Regnavitd
737 503 833 618 ligno
845 511 961 590 Deus.

392 681 483 794 Jam
494 675 591 763 verd
602 707 672 762 cur
691 703 823 788 neque
839 679 906 760 hic
919 678 1052 790 locus,¹
1073 705 1125 761 ue
1155 708 1205 764 ue
1223 674 1292 762 alii

356 791 470 906 suprd
491 791 667 895 laudati,
688 787 858 872 restituti
882 792 979 896 sint,
999 819 1082 872 non
1098 707 1154 874 ed
1174 792 1290 900 hujus

356 897 437 986 loci
455 899 682 1016 disquirere.
706 901 881 986 Fortasse
896 901 1120 1018 quaeJudaei
1136 898 1288 1005 defuis,

354 1041 478 1128 atque
493 1018 634 1099 Ariani
652 1016 703 1097 de
718 1011 875 1127 aliquot
886 1014 1065 1098 Ecclesiae
1082 1013 1288 1098 codicibus

170 1159 171 1166 ¹
251 1143 252 1148 '
352 1127 554 1210 malitiose
575 1123 778 1210 eraserunt
804 1126 917 1231 loca,
945 1125 1015 1208 illa
1043 1130 1165 1210 etiam
1192 1127 1287 1210 abt-

351 1243 444 1346 'rant
460 1235 512 1324 ab
530 1239 614 1324 aliis
633 1238 813 1323 Ecclefiae
834 1238 1061 1343 codicibus,
1079 1269 1179 1354 quos
1196 1267 1286 1354 per·

352 1350 442 1436 fidae
472 1352 704 1466 Judttorum
740 1359 782 1434 ὅ(
817 1345 1115 1435 Haereticorum
1149 1379 1289 1434 manus

350 1491 435 1546 nun
466 1493 557 1546 uam
569 1456 807 1577 attigissent5
830 1488 953 1576 atque
964 1464 1069 1546 adeo
1082 1493 1164 1548 non
1174 1489 1290 1548 erant

353 1494 602 1680 nuditate,
621 1583 662 1658 &
679 1573 832 1656 idcirco
859 1574 1054 1690 neglecta.¹
1079 1577 1136 1659 Ut
1146 1603 1192 1660 ut
1209 1578 1289 1681 est,

354 1687 458 1774 istud
476 1717 600 1772 unum
619 1687 700 1768 hoc
714 1691 756 1770 in
780 1715 828 1769 ca
855 1691 910 1770 ite
933 1686 1292 1771 demonstrandum

355 1799 610 1916 suscepimus,
656 1799 805 1883 lusibus
821 1715 957 1884 dtnffis
976 1800 1160 1884 Patribus
1180 1799 1291 1884 suille

357 1912 454 1996 olim
475 1827 720 2027 persuasdm,
746 1920 869 1996 etiam
894 1917 936 1997 in
956 1913 1017 1997 his
1031 1914 1168 2018 libris,
1191 1942 1292 2028 quos

356 2024 530 2112 Ecclesia
559 2023 776 2106 Catholica
810 2023 1032 2140 suscipit&
1059 2023 1290 2124 conservat,

358 2138 516 2251 aliquot
537 2131 665 2242 uersus
688 2133 902 2218 desrderari
950 2135 1027 2218 osse
1044 2136 1196 2216 malitias
1214 2134 1291 2215 ho-

359 2254 514 2333 minum
534 2241 732 2349 sublatos,
749 2272 824 2326 nec
841 2165 1004 2329 censuri
1020 2247 1222 2330 notandos
1241 2243 1295 2330 es

361 2361 423 2466 se,
442 2359 550 2472 siqui
568 2387 676 2441 nunc
687 2359 796 2440 idem
818 2352 1000 2443 sentiant.
1368 2373 1370 2378 ’

417 2477 567 2582 Neque
579 2475 686 2554 enim
702 2470 827 2554 ullum
840 2471 935 2554 inde
948 2475 990 2556 in
1002 2466 1174 2558 Ecclesia
1186 2463 1297 2554 subo.

361 2587 463 2670 titur
490 2584 808 2667 incommodum.
847 2581 968 2667 Ultrd
1000 2585 1165 2700 quidem
1191 2583 1293 2668 sate-

363 2725 477 2801 mur,
496 2699 537 2777 in
554 2693 630 2780 illis
652 2725 739 2808 quae
757 2719 806 2778 ex
824 2695 951 2782 Libris
974 2703 1100 2781 Sacris
1117 2698 1296 2782 detracta

362 2805 437 2894 esse
466 2833 619 2891 veteres
654 2811 791 2893 Patres
815 2835 1143 2924 conqueruntur,
1166 2814 1297 2892 conti-

362 2921 451 3005 neri
474 2917 698 3004 dodtrinam
721 2917 876 3020 sanam,
895 2924 1058 3028 utilem,
1076 2923 1160 3005 imd
1175 2931 1215 3006 δι
1231 2951 1298 3006 ne-

365 3032 590 3118 cessariam:
620 3029 688 3116 sed
716 3032 788 3116 ista
814 3035 996 3118 dodrina
1027 3065 1111 3118 non
1142 3036 1296 3117 idcirco

367 3150 508 3264 periitz
527 3149 674 3261 quippe
692 3175 779 3260 quae
797 3145 859 3230 vel
878 3151 920 3231 in
939 3149 999 3230 his
1020 3152 1146 3232 Sacrae
1169 3149 1298 3261 Scrip-

367 3285 466 3363 turae
485 3259 607 3362 locis,
637 3288 724 3371 quae
748 3257 882 3341 adhuc
909 3259 1123 3364 habemus,
1152 3266 1302 3374 reperi-

369 3397 458 3478 tur3
488 3371 553 3454 vel
571 3368 709 3454 saltem
731 3368 804 3454 scri
832 3397 875 3456 ta
892 3373 950 3456 est
971 3376 1013 3454 in
1033 3371 1222 3454 cordibus
1240 3375 1301 3454 Fi.

371 3483 545 3587 delium,
566 3491 606 3567 ὅ(
620 3490 661 3566 in
675 3401 846 3568 Eccleda
861 3483 1110 3569 Traditionis
1125 3511 1203 3682 qpe
1218 3511 1304 3599 per-

370 3591 534 3682 severat.
571 3596 691 3682 Unde
710 3593 859 3680 sancus
879 3597 1111 3684 Ambrosius
1171 3624 1305 3680 nanos

1247 3713 1307 3790 ita
