2896 4562
286 284 391 384 Eccli
403 289 514 391 rastic.
532 284 702 380 Codicum
717 283 1001 388 Compluribus.
1036 295 1108 396 589

169 423 355 482 metantur
374 395 587 510 Philosophi
610 420 623 479 3
651 393 720 478 sed
750 398 872 476 etiam
892 394 1077 482 assereret
1096 419 1125 483 ⁸.

171 515 348 594 animam
363 509 410 606 (ir
429 509 590 593 latriam
608 506 694 617 effe,
714 505 762 604 dp
773 521 871 588 aiiii
888 507 1038 615 coloris,
1063 511 1112 608 όἡ

164 627 290 726 fhrma
304 633 511 729 peremnia
540 621 710 703 hnmano
731 613 888 705 Vc'rirm
907 620 1003 703 cum
1026 647 1113 706 tan-

173 761 236 818 tus
248 739 308 816 vir
319 759 403 817 tam
412 737 586 846 turpiter
598 729 985 844 hallucinatur,satis
997 760 1111 850 aper·
1166 797 1179 808 ,

173 849 218 931 τὲ
237 846 433 960 significat
452 843 490 929 se
507 845 591 928 hac
610 849 715 928 inre
734 843 925 929 recedere
951 845 976 928 i
999 876 1112 928 com.

170 956 288 1042 'muni
309 962 475 1043 Parrum
496 959 741 1060 traditione,
760 979 884 1070 atque
903 955 956 1040 ab
975 985 1025 1040 ea
1047 987 1111 1043 re-

174 1073 295 1186 gula,
313 1097 436 1183 quam
454 1093 538 1152 tam
560 1068 786 1184 sapienter,
802 1092 969 1182 tamque
988 1069 1113 1155 firmis

176 1185 421 1298 argumentis
447 1179 692 1265 stabiliverat
715 1186 757 1264 in
780 1187 945 1296 egregio
963 1192 1004 1268 δε
1030 1184 1114 1268 lau-

176 1295 370 1378 datiffimo
392 1292 497 1376 libro
520 1296 563 1374 dr
582 1294 916 1422 Proscrrprionsprs
940 1307 998 1380 H
998 1313 1114 1380 aerett'-

172 1439 312 1490 rorum:
330 1433 463 1519 neque
481 1411 588 1490 enim
605 1407 814 1498 hominem
829 1406 957 1520 pudet
976 1411 1112 1523 palam

174 1519 356 1637 profiteri
374 1548 398 1600 o
428 1522 605 1601 inionem
620 1517 755 1624 illam,
771 1546 891 1633 quam
910 1544 1045 1606 tuetur
1059 1522 1112 1608 de

147 1731 149 1734 ¹
174 1633 313 1716 colore
336 1642 378 1717 &
395 1548 529 1713 lirrma
552 1635 694 1714 animae
716 1657 866 1721 novam
893 1629 970 1716 elle
990 1641 1031 1720 it
1048 1661 1111 1718 re-

173 1745 272 1827 ctus
291 1768 501 1859 acceptam
524 1743 772 1828 revelatione
796 1739 999 1856 cujusdam
1024 1775 1110 1829 mu-

173 1857 345 1941 liercula:
365 1857 388 1939 *e
411 1854 558 1938 Schola
578 1859 782 1940 Montani.
802 1855 896 1970 Qud
915 1856 997 1969 ejus
1015 1885 1110 1973 pro.

172 1968 334 2053 feffione
360 1967 507 2050 fadum
536 1966 592 2049 est
607 2034 619 2072 ,
637 1993 683 2052 ut
707 1969 791 2074 ejus
818 1993 934 2052 error
960 1976 1112 2054 nemini

173 2081 392 2166 Catholico
412 2106 562 2164 nocere
577 2073 715 2194 pollet.
726 2083 777 2164 Et
795 2081 893 2163 vero
911 2079 1111 2197 saepilfimc

172 2194 350 2299 accidit,
369 2218 416 2276 ut
433 2196 679 2306 antiquiores
697 2191 962 2279 Ecclefiastici'
980 2199 1109 2311 Scrip:

172 2332 281 2391 tores
299 2305 421 2390 sicubi
435 2304 570 2418 aliqua
586 2304 776 2411 tradunt,
795 2333 883 2419 quae
901 2303 953 2389 ab
966 2332 1110 2394 errore

170 2417 332 2503 liberari
359 2418 472 2501 nullo
497 2421 613 2531 padio
637 2413 795 2531 pollunt
814 2464 826 2520 ,-
852 2415 1005 2504 ibidem
1031 2421 1128 2505 alia*
1215 2431 1225 2452 '

170 2528 494 2631 intermisceant,
516 2556 567 2610 ex
589 2527 732 2639 quibus
760 2528 935 2640 prudens
963 2533 1109 2616 Lestor
1196 2612 1201 2624 ,
1327 2561 1331 2568 ·

169 2640 372 2754 intelligat
391 2641 454 2720 his
474 2644 518 2720 in
544 2640 642 2720 locis
664 2665 733 2720 eos
750 2665 832 2720 non
849 2637 925 2723 elle
948 2639 1107 2727 locutos
1189 2659 1196 2673 '

171 2780 366 2867 tanquam
384 2751 635 2836 Traditionis
653 2748 834 2834 Ecclefiae
858 2749 987 2837 testes.
1016 2757 1106 2842 Ne.
1176 2755 1178 2759 ’
1269 2749 1272 2757 “

171 2895 250 2980 que
266 2867 382 2978 hujus
399 2869 457 2946 rei
471 2849 716 2982 exempla,lr
734 2889 917 2971 vacaret,
931 2860 1107 2953 deelstnt

168 2978 415 3096 ex-Justino,
435 2983 613 3082 lrenaeo,
632 2974 911 3083 Tertulliano,
935 2979 1103 3100 Cypria.

168 3121 246 3198 no,
260 3091 443 3204 aliisque:
457 3087 634 3196 sedilluc
648 3090 935 3176 revertendum
949 3091 1005 3176 est
1020 3117 1106 3179 tan-

168 3207 287 3303 dem,
305 3204 412 3288 unde
432 3205 564 3284 oratio
588 3199 724 3286 nostra
740 3195 908 3315 digressa
925 3203 994 3286 est.
1105 3265 1108 3273 s

226 3322 355 3432 Igitur
370 3316 465 3423 clim
478 3318 584 3396 inter
596 3319 784 3428 antiquos
804 3317 966 3419 Patres,
981 3314 1106 3430 aliqui

166 3430 377 3514 interdum·
398 3431 649 3542 reperiantur
667 3430 765 3539 ,qui
794 3452 865 3555 per
881 3429 1103 3526 humanam

166 3541 732 3658 fragilitatempcccarerint,
751 3537 844 3644 alti,
865 3544 935 3655 qui
962 3568 1102 3656 quam.

191 3698 202 3725 ¹
221 3685 291 3760 ibid·
946 3693 949 3707 ⁴
