3020 4564
358 289 415 368 90
590 269 657 345 De
672 260 853 341 veteribus
867 265 1077 344 Haercticie

355 369 466 455 stolae
492 370 546 452 ad
576 369 745 454 Galatas
767 371 901 454 locum
976 371 1101 484 pellat
1135 372 1188 455 ab
1217 403 1295 458 eo..

306 514 333 555 ω
357 482 451 570 dem
465 489 676 566 Marcione
697 481 861 568 erasum.
879 399 980 567 «gg
998 485 1104 588 hoc,
1117 489 1290 597 inquic²‚

306 621 333 665 »ι
357 593 431 675 loco
435 659 451 693 ,
459 595 794 708 ficuibAbraham
805 597 959 676 credidit
968 603 1067 698 Deo,
1082 595 1130 693 ὄιν
1148 623 1290 704 repum-

304 739 332 778 o
356 730 434 790 tum
457 714 555 815 estet
573 709 627 789 ad
635 713 840 815 justitiam,
863 705 986 820 usque
1008 708 1194 814 adeum,
1218 711 1288 792 ubi

305 851 331 892 n
354 816 561 924 scribitur,
580 839 594 872 ⁶
614 834 680 929 qai
700 853 746 900 ex
754 819 835 923 fide
846 821 936 934 stant
949 819 1190 924 benedicentur
1207 853 1287 901 cum

302 963 333 1002 n
344 932 454 1036 fideli
478 931 698 1028 Abrabam,
720 936 907 1020 Marcion
931 931 981 1012 de
1001 928 1068 1012 suo
1089 935 1126 1015 A
1156 931 1289 1014 ostolo

304 1075 332 1116 »
354 1043 480 1124 erasit.
504 1042 597 1132 ,sed
626 1043 725 1155 quid
746 1043 898 1157 profuit
923 1043 1009 1125 haec
1024 1042 1097 1124 tuli
1128 1045 1288 1147 e,c1*nn

304 1178 498 1264 »catera
522 1183 610 1266 quae
629 1156 815 1268 reliquit,
839 1156 921 1267 ejus
945 1149 1102 1241 insaniae
1123 1156 1289 1244 adversa

303 1297 331 1340 >a
356 1264 459 1348 finti

407 1375 588 1462 Eandem
631 1380 851 1462 Marcionis
902 1382 1194 1495 impudentiam
1242 1386 1285 1462 in

350 1487 571 1601 Evangelio
607 1496 724 1573 Lucae
754 1490 1039 1601 interpolando
1069 1497 1191 1576 etiam
1225 1521 1288 1577 re-

351 1599 556 1715 darguunt
575 1600 827 1703 Philastrius,
847 1599 1134 1683 Theodoretus
1163 1630 1287 1714 atque

349 1713 429 1797 alii.
453 1713 581 1827 Atqui
610 1739 749 1796 tamen
769 1713 881 1824 quod
907 1737 971 1795 tot
992 1712 1185 1795 clariffimi
1211 1719 1287 1796 Pa.

348 1849 431 1908 tres
455 1850 540 1910 tam
569 1825 781 1910 enucleati:
807 1825 1042 1930 affirmant,
1066 1849 1152 1906 tam
1177 1824 1289 1908 lucu·
1393 1847 1398 1852 ’

348 1935 481 2019 lenter
492 1963 720 2051 exponunt,
739 1939 904 2050 quidam
921 1937 1048 2020 hodie
1060 1941 1103 2019 in
1120 1937 1289 2022 dubium

350 2071 546 2132 revocant
573 2085 584 2130 ε
616 2049 704 2133 iit‘l
726 2051 945 2154 trepidantes
976 2063 1104 2131 timore
1134 2051 1197 2131 ubi
1222 2077 1292 2132 non

348 2185 434 2241 erat
449 2174 581 2258 timor,
612 2180 804 2242 verentur
827 2186 879 2241 ne
901 2160 927 2240 fi
956 2158 1042 2242 haec
1068 2164 1291 2243 Marcionis

346 2271 517 2390 perfidia
534 2269 742 2354 manifesta
761 2269 832 2376 fit,
858 2269 1017 2384 suspeoi
1043 2269 1142 2354 fiant
1162 2269 1287 2357 sacra·

344 2411 436 2466 rum
454 2388 692 2500 paginarum
703 2383 862 2465 codices
878 2380 1217 2494 ,Pyrrhonismus
1236 2411 1288 2468 ue

346 2498 390 2577 io
402 2496 658 2610 Religionem
670 2495 1174 2580 Catholicaminvehatur:
1190 2525 1288 2584 cum

249 2643 251 2648 ·
348 2631 486 2692 tamen
506 2613 726 2694 Marcionis
742 2606 888 2693 scelere
909 2606 1003 2691 fani
1021 2607 1171 2692 fuerint
1184 2615 1284 2723 vigi-

316 2717 536 2804 -iantiores
568 2720 796 2827 Catholici3
824 2727 864 2804 &
889 2721 982 2802 loca
1008 2726 1174 2826 omnia,
1198 2751 1288 2834 quae

347 2829 420 2914 iste
430 2837 471 2914 in
493 2833 698 2916 codicibus
714 2830 786 2915 suis
805 2831 1001 2938 eraserat,
1031 2831 1287 2916 conservave.

347 2950 433 3028 rint
446 2945 497 3028 eo
520 2945 780 3140 dilifentiim
806 2945 889 3060 quo
908 2949 1034 3061 magis
1055 2945 1190 3030 haeresi
1212 2942 1283 3026 dis·-

347 3053 498 3172 pliccre
517 3055 728 3142 fenerant.

376 3295 389 3322 ¹
401 3277 490 3343 Toin.
501 3301 531 3354 4.
544 3303 623 3346 noca
636 3283 711 3346 Edit.
722 3302 795 3368 part.
862 3293 873 3322 ‘
889 3280 960 3341 lbi&
974 3302 1001 3354 3·
1016 3305 1043 3353 9·

353 3377 640 3520 'innam
870 3357 1032 3436 *ΡΜ
