2956 4558
348 329 429 428 436
583 329 648 408 De
660 319 840 404 veteribus
855 331 1061 408 Haeretich

346 427 520 548 pendite
539 433 593 517 ad
615 435 755 548 Opera
765 437 958 549 Gregorii
966 433 1209 521 Turonenfis
1221 425 1282 520 sae-

377 547 438 628 iis
464 545 604 628 laudat
632 543 944 660 manuscriptum
972 549 1160 633 codicem
1178 551 1279 632 Cor-

346 573 567 762 ficiensem
579 685 699 770 quem
711 663 754 741 in
775 657 1149 745 Praefatione²dixit
1165 659 1283 774 ipsius

347 772 541 884 Gregorii
555 795 673 854 aetaoe
692 771 910 854 exaratum.
927 775 976 854 In
995 802 1076 885 quo
1092 772 1121 856 fi
1137 799 1181 856 re
1196 772 1280 887 ipso

312 912 315 916 ·
346 888 598 997 reperiuntur
608 907 872 966 monumenta
881 883 1134 998 omnia,quae
1146 889 1190 967 in
1200 887 1281 998 Ap·-

91 1033 99 1055 ⁴
213 1093 219 1108 x
346 995 537 1187 gendice'
563 997 730 1078 roduea
749 995 937 1078 dicuntur
952 1022 1001 1080 ex
1016 997 1157 1080 codice
1178 997 1278 1080 Cor:

376 1105 506 1211 eienfi,
546 1105 691 1189 ubitari
701 1135 785 1189 non
795 1105 939 1220 potest,
950 1111 1048 1219 quin
1060 1108 1130 1202 iste
1144 1108 1276 1192 codex

346 1217 503 1300 duobus
517 1241 586 1302 aut
604 1217 731 1301 tribus
747 1217 891 1302 saeculis
908 1219 954 1302 fit
971 1222 1174 1338 Gregorio
1190 1226 1277 1314 Tu-

246 1391 250 1400 ,
346 1331 501 1414 ronenfi
531 1330 736 1445 posterior.
761 1332 888 1416 Cert‘e
926 1331 1274 1436 instrumentum,

344 1441 459 1637 guod
485 1468 630 1556 quarto
662 1442 755 1526 loco
777 1443 950 1556 positum
968 1444 1024 1530 est
1042 1448 1063 1558 ξ
1084 1450 1189 1530 inter
1213 1449 1275 1526 irr-

379 1561 563 1638 r'umenta
581 1554 818 1638 elefflonum
830 1621 842 1658 ‚
854 1579 976 1750 argue
996 1581 1155 1644 erutum
1176 1556 1275 1640 dici:

305 1747 313 1764 ,
345 1692 412 1750 tur
431 1663 493 1752 'ex
523 1666 664 1752 codice
689 1665 892 1752 Corbeien
941 1696 1060 1772 ,non
1087 1669 1143 1754 est
1168 1674 1274 1751 anti-

33 1851 37 1860 .
137 1811 143 1823 ·
233 1839 239 1853 „
343 1779 724 1894 quius‚temporibus
737 1779 876 1864 Caroli
887 1780 1093 1895 Magniifi
1110 1781 1275 1894 quidem

258 1979 263 1988 ,
342 1897 385 1974 in
405 1918 456 1975 eo
478 1920 562 1977 non
586 1887 857 1976 solimannus
875 1895 1273 1994 incarnationisDo.

344 2003 442 2087 mini
454 2002 554 2110 „sed
572 2010 694 2088 etiam
710 2005 880 2090 Indistio
896 2005 1120 2121 appellatur
1132 2031 1276 2118 :quem

343 2115 454 2200 usum
477 2115 738 2200 Mabillonius
757 2119 865 2230 apud
884 2121 1058 2202 Francos
1070 2123 1112 2200 in
1128 2116 1275 2230 Diplo-

341 2227 515 2310 maribus
524 2225 726 2309 invaluiffe
734 2252 858 2336 negat
868 2251 961 2311 ante
973 2229 1165 2312 Carolina
1175 2249 1275 2310 tenir

341 2361 452 2452 pora„
470 2337 564 2454 Jem
591 2337 689 2419 vero
715 2337 739 2418 i
764 2361 895 2418 morte
919 2339 1111 2452 Gregorii
1136 2342 1272 2423 Turo-

341 2448 470 2532 nenfis
494 2449 548 2532 ad
570 2447 709 2536 Caroli
727 2451 870 2560 Magni
892 2447 1050 2532 obitum
1070 2455 1166 2532 anni
1184 2451 1271 2563 plu.

341 2587 405 2646 res
423 2561 544 2676 quim
557 2561 720 2644 ducenti
735 2558 984 2646 effluxerunt
1000 2567 1127 2677 Igitur
1141 2563 1273 2648 codex

341 2679 385 2760 in
406 2703 487 2788 quo
508 2673 588 2760 tale
611 2671 916 2758 instrumentum
937 2673 1272 2793 exscriptumha-

343 2786 488 2893 betur,
508 2785 668 2872 nonest
688 2783 847 2897 aequalis
865 2812 1093 2902 temporum
1116 2789 1273 2901 Grego-

343 2903 419 3006 rii,
439 2899 508 2983 sed
531 2901 711 2984 ducentis
728 2907 768 2984 δι
783 2899 951 3015 amplius
968 2905 1081 2985 annis
1097 2896 1180 3015 ipso
1198 2928 1271 3014 po.

343 3011 484 3098 sterior
502 3011 569 3096 est.
933 3100 938 3112 ‚

398 3129 514 3238 Qros
526 3124 775 3208 eruditorum
792 3124 1004 3208 hominum
1015 3121 1143 3238 lapsus
1159 3131 1199 3210 &
1213 3151 1273 3210 er·

343 3263 454 3321 rores
466 3244 507 3320 in
516 3236 778 3346 dijudicanda
786 3234 1067 3351 scripturarum
1076 3261 1193 3322 aetate
1201 3235 1273 3320 hic
1305 3243 1316 3250 “

277 3405 280 3410 ,
341 3369 558 3434 'annotatos
568 3347 713 3452 velim,
731 3376 814 3432 non
831 3371 877 3431 ut
894 3347 1067 3542 igsorum
1084 3349 1273 3434 Manibus

343 3462 634 3546 contumeliam
644 3465 842 3573 irrogem:
863 3458 899 3542 se

341 3570 713 3690 stantiusintelligat
726 3577 767 3656 in
777 3567 969 3684 ejusmodi
984 3574 1139 3685 judiciis
1150 3577 1272 3658 etiam

359 3715 542 3789 *Nom-148.
801 3709 810 3800 Ι
851 3715 1048 3800 ‘Pegusa

948 3485 991 3544 ut
1008 3462 1172 3547 demum
1192 3463 1271 3544 Cu·
1329 3507 1347 3518 -
