3020 4564
371 265 432 364 138
597 263 664 344 De
674 255 855 342 veteribus
866 269 1077 345 Haerericu

371 369 474 451 mari
487 364 614 483 poise,
633 368 829 468 nonnulla
844 369 1073 455 divinorum
1092 375 1310 460 Librorum

264 513 276 526 ·
332 569 336 574 ,
373 480 619 597 exemplaria
636 482 659 565 ai
678 480 878 566 veteribus
887 484 1102 568 Haereticis
1119 511 1312 603 corrupta

373 593 509 680 fuiffe?
531 599 629 678 Hoc
650 598 773 678 etiam
792 593 845 677 ab
865 593 949 712 ipso
970 595 1119 681 facium
1136 603 1191 684 *iri
1210 629 1309 682 con-

374 731 494 820 cepta
511 707 563 790 de
578 709 660 820 ejus
669 705 873 825 probiqte
884 737 911 791 o
938 713 1023 793 inio
1040 717 1209 794 omnino
1224 740 1313 826 per.

375 819 526 904 suadet.
554 820 611 903 At
639 820 667 902 su
694 823 751 904 ita
779 847 885 904 nunc
911 737 1056 929 ientit,
1090 823 1311 908 delendum

376 960 499 1046 erge,
519 932 631 1046 quod
655 958 741 1015 non
760 927 851 1017 satis
869 929 1001 1018 caucc¹
1014 935 1202 1051 scriptum
1228 935 1314 1021 fue-

377 1060 465 1126 rat²
485 1111 496 1148 ,
516 1073 608 1127 eum
624 1048 693 1158 qui
708 1051 854 1130 recitat
869 1051 1168 1131 Haereticorum
1184 1052 1314 1130 nomi-

377 1182 455 1260 na,
474 1155 652 1268 dquibus
673 1157 943 1244 Ecclesiastico
961 1177 1224 1244 monumenta
1237 1158 1313 1243 fal-

377 1265 460 1350 sata
480 1267 589 1374 sunt,
601 1271 655 1382 fic
663 1270 852 1376 paulatim
861 1273 1064 1379 procedere,
1083 1281 1153 1384 qni
1165 1305 1233 1357 non
1244 1305 1316 1355 mo-

376 1382 423 1462 do*
447 1404 584 1462 veteres
600 1382 808 1494 sanctorum
837 1385 999 1467 Pdtrum
1013 1449 1029 1484 ‚
1044 1387 1115 1498 fid
1140 1385 1188 1484 ό
1217 1387 1317 1500 longe*

377 1507 498 1608 magis
517 1503 713 1580 Sacrarum
727 1504 960 1605 Paginmm
991 1499 1123 1579 codices
1139 1499 1319 1614 stcspeuos

224 1653 228 1659 ·
276 1675 278 1682 .
393 1620 506 1688 aciat.

368 1607 405 1711 f
433 1718 631 1833 Equidem
661 1717 783 1802 facile
812 1717 1054 1802 crediderim
1091 1741 1176 1800 tam
1207 1743 1319 1801 atro.

221 1851 225 1856 “
295 1917 297 1922 χ
380 1858 492 1936 cem,
515 1857 599 1915 tam
609 1857 792 1950 apertam
812 1831 1055 1915 calumniam
1077 1830 1235 1914 homini
1249 1857 1320 1916 ex.

382 1943 516 2028 cidiffe
554 1943 634 2028 sme
683 1945 781 2028 dolo
807 1942 916 2027 malo
950 1981 961 2028 ι
1013 1939 1081 2027 sed
1124 1971 1157 2027 ae
1187 1949 1324 2032 uitatis

383 2055 440 2140 est
462 2057 584 2140 litura
606 2055 770 2141 abolere
796 2061 972 2162 crimen,
1002 2056 1116 2167 quod
1136 1971 1238 2139 fdso
1264 2053 1322 2136 est

383 2169 634 2284 impofitum:
652 2169 855 2284 religionis
865 2193 1030 2271 cavere,
1047 2194 1099 2249 ne
1117 2165 1198 2248 hoc
1214 2165 1324 2249 dicto
1420 2157 1434 2188 ⁸

385 2286 440 2364 im
468 2285 552 2374 ii&
576 2280 734 2396 prdfani
750 2282 958 2386 homines,
977 2279 1030 2363 ad
1048 2277 1326 2393 impugnanda

387 2309 611 2508 Reiigionis
631 2394 865 2488 Chtistianae
880 2390 1147 2476 fundamenta
1160 2392 1326 2474 abutan-

388 2531 466 2591 tur.
492 2513 553 2592 Sic
572 2511 681 2591 enim
700 2507 760 2591 illi
778 2504 989 2592 adversum
1009 2502 1234 2589 Catholicae
1252 2508 1326 2590 Ec-

390 2619 514 2726 ciefiae
529 2618 756 2706 defensores
772 2617 987 2736 insurgent.

342 2769 370 2809 ta
449 2733 697 2838 CustantiuS,
713 2735 921 2846 inquient,
944 2736 1005 2814 vir
1025 2729 1227 2846 religiosus
1245 2796 1268 2833 „
1285 2735 1327 2813 &

344 2883 371 2922 u
393 2847 571 2930 eruditus
586 2843 839 2949 Monachus,
864 2846 1077 2928 contendit
1093 2843 1233 2928 Libros
1258 2845 1326 2926 Sa-

346 2997 373 3037 „
394 2988 484 3041 cros
512 2961 556 3040 in
581 2956 839 3074 suspicionem
869 2953 954 3039 falfi
985 2961 1122 3040 venire
1153 2950 1332 3060 debere,

346 3073 424 3156 „sr
453 3071 581 3155 modo
608 3097 747 3154 verum
779 3069 827 3152 srt
852 3067 1009 3183 aliquot
1037 3069 1135 3148 olim
1167 3064 1330 3178 iliorqm

348 3221 374 3262 u
396 3183 640 3301 exemplaria
653 3177 929 3299 perfidefuiffe
945 3179 1183 3264 adulterata.
1204 3179 1332 3292 Atqui

348 3333 376 3374 u
398 3299 479 3382 hoc
506 3297 749 3411 postremum
782 3317 937 3380 certum
963 3291 1046 3394 est,
1076 3300 1118 3375 &
1146 3292 1170 3373 d
1197 3292 1334 3374 multis

351 3447 377 3489 u
400 3407 631 3526 magnisque
658 3407 822 3494 testibus
854 3401 1177 3517 comprobatum.
1224 3408 1331 3517 Ergo

351 3560 378 3599 u
402 3524 615 3610 Librorum
629 3527 842 3611 Sacrorum
864 3519 1024 3609 codices
1041 3543 1181 3604 omnes
1194 3521 1237 3602 in
1257 3511 1332 3599 sus-

423 3672 436 3704 ·
454 3663 540 3728 vind.
555 3680 611 3726 vet.
625 3659 688 3724 cod·
704 3681 733 3742 p·
747 3674 798 3730 47-
