3012 4574
891 109 916 212 d

306 420 533 536 Ecclefiastrc.
550 421 721 508 Codicum
732 419 1012 528 corruptoribus.
1058 455 1129 538 ²75

188 564 312 654 quem
338 534 480 641 sciam,
508 531 564 620 est
592 532 826 652 refragatus.
854 534 912 617 At
933 536 1131 729 gusterior

188 653 276 736 haec
304 649 467 764 quaestio
495 648 628 730 multi>
655 653 854 762 majorem
876 647 930 730 ha
960 673 1003 732 et
1029 650 1131 735 diffi-

188 764 396 848 cultatem.
441 762 512 843 Ait
538 758 708 846 Rufinus
762 758 908 844 lurima
944 762 1134 876 Origenis

189 877 337 992 scripta
357 874 410 958 ab
434 874 647 958 Hareticis
668 788 778 958 sude
798 898 1016 988 corrupta5
1045 874 1133 990 plu.

190 987 393 1101 rimosque
420 995 461 1071 δι
490 985 669 1071 eruditos
696 984 822 1068 habet
848 987 927 1070 hac
955 990 997 1070 in
1019 1011 1134 1102 parte
1193 1043 1199 1062 .

190 1101 510 1218 adstipulatores.
542 1101 643 1182 Hoc
671 1095 798 1212 ipsum
826 1117 950 1214 negat
984 1097 1135 1186 sandius

190 1219 494 1326 Hieronymus,
525 1213 841 1325 opinionemque
872 1211 1011 1297 Rufini
1036 1216 1132 1297 vali-

192 1327 352 1420 diffimis
363 1327 610 1438 argumentis
627 1322 836 1407 confutat:
857 1353 946 1439 quar
957 1327 1009 1409 ad
1020 1329 1136 1411 Pam-

192 1437 400 1523 machium
418 1445 459 1520 δι
481 1437 695 1520 Oceanum
712 1435 884 1520 scribens
901 1437 1076 1523 breviter
1093 1447 1136 1524 in

192 1579 320 1635 unum
333 1578 410 1633 con
441 1547 533 1634 effit.
551 1588 576 1628 ιι
591 1548 700 1634 Illud
714 1551 811 1634 veri)
824 1551 938 1665 quod
952 1551 1137 1657 afferunt,
1159 1591 1183 1630 ιι

193 1667 431 1776 ²inquit,a
479 1661 689 1745 uibusdam
716 1653 932 1747 Hae-riticis
951 1670 993 1746 &
1011 1664 1134 1746 male·
1158 1702 1185 1742 ιι
1218 1721 1220 1764 ι

194 1775 296 1860 volis
314 1691 546 1860 hominiisus
557 1773 682 1856 libros
697 1776 784 1881 ejus
801 1787 812 1878 (
829 1775 1043 1886 Origenis)
1061 1771 1136 1858 effe
1160 1817 1186 1855 ιι

195 1888 390 1993 violatos,
412 1888 533 1998 quim
556 1891 740 1997 ineptum
770 1884 837 1987 srt,
857 1885 954 1967 hinc
1000 1887 1138 1970 robari
1160 1929 1187 1970 ιι

194 2001 338 2118 potest.
361 2005 464 2109 Quis
475 1995 739 2110 prudentior,
754 1995 932 2103 doctior,
948 1913 1138 2114 efoquen-
1162 2044 1188 2085 ιι

196 2119 278 2196 tior
295 2111 462 2198 Eusebio
480 2117 521 2194 δι
537 2107 749 2221 Didymo,
769 2107 1022 2194 affertoribus
1046 2115 1139 2196 Ori-
1161 2156 1188 2197 ιι

195 2229 328 2342 genis,
346 2224 518 2307 inveniri
538 2220 671 2337 potest
689 2245 701 2304 ι
730 2226 920 2335 Qrorum
942 2224 1045 2312 alter
1074 2225 1139 2312 sex
1162 2269 1188 2312 ιι

195 2335 467 2422 voluminibus
483 2338 551 2430 vir
563 2331 751 2434 &marsim
762 2340 820 2418 ita
837 2362 929 2421 eum
944 2361 990 2420 ut
1004 2337 1042 2422 se
1059 2337 1141 2423 sen·
1164 2384 1190 2424 ιι

196 2450 279 2536 fiffe
299 2449 515 2532 confirmat
537 2487 546 2532 ε
572 2450 674 2532 alter
695 2449 748 2531 fic
766 2451 849 2557 ejus
871 2475 1027 2535 errores
1046 2456 1139 2536 niti-
1163 2490 1190 2536 ιι

197 2589 266 2648 tur
285 2558 492 2668 excusare,
511 2586 558 2643 ut
572 2587 709 2647 tamen
726 2560 830 2642 illius
847 2559 924 2645 effe
942 2561 1120 2664 fateatur
1129 2613 1141 2674 3
1164 2607 1191 2650 ιι

198 2707 285 2761 non
304 2675 376 2758 scri
406 2700 495 2757 tum
515 2701 689 2788 negans,
712 2669 781 2758 sed
801 2669 954 2757 sensum
973 2674 1143 2759 scriben-
1164 2715 1192 2762 ιι

197 2795 249 2874 tis
274 2705 496 2872 ediffdrens.
525 2785 651 2868 Aliud
668 2783 746 2888 est,
767 2783 795 2865 fi
817 2813 904 2898 quae
930 2784 981 2868 ab
1000 2790 1140 2871 Haere-
1165 2831 1191 2872 ιι

201 2906 291 2991 ticis
321 2899 374 2982 ad
410 2902 464 2980 'ta
502 2893 621 3002 sunt,
659 2897 864 3010 Didymus
899 2899 1008 3011 quasi
1041 2899 1143 2984 bene
1166 2945 1193 2986 ιι

204 3015 311 3097 diua
332 3012 359 3094 d
426 3010 539 3094 ndat.
569 3009 682 3094 Solus
709 3007 858 3093 scilicet
881 3015 1067 3096 inventus
1088 3014 1148 3098 est·
1168 3061 1193 3099 ιι

206 3128 284 3210 Ori
314 3152 430 3231 enes,
455 3124 565 3235 cujus
585 3122 731 3240 scripta
749 3128 791 3206 in
813 3148 905 3206 toto
923 3124 1024 3208 orbe
1039 3132 1144 3240 pari·
1168 3171 1194 3214 ιι

206 3263 269 3322 ter
282 3155 543 3323 dalsarentun
567 3247 608 3322 ὅ(
624 3238 733 3352 quafi
749 3235 804 3319 ad
819 3238 1070 3322 Mithridatis
1085 3239 1147 3323 lit·
1169 3284 1195 3323 ιι

205 3377 334 3454 teraS,
355 3357 485 3436 omnis
505 3354 751 3440 veritasuno
768 3351 834 3433 die
854 3351 906 3434 de
931 3351 1142 3436 volumini·
1169 3397 1195 3435 ιι

206 3461 280 3547 bus
300 3463 403 3546 illius
422 3463 643 3549 raderetur.
669 3468 707 3547 si
724 3491 824 3544 unus
845 3463 1016 3547 violatus
1032 3465 1089 3548 est
1104 3464 1145 3548 li.
1169 3513 1194 3550 ιι
1258 3487 1261 3498 ’

207 3573 304 3674 ber,
326 3605 423 3658 num
443 3577 623 3661 universa
640 3578 722 3690 ejus
742 3602 889 3690 opera,
910 3606 998 3692 quae
1019 3578 1146 3662 diver·
1169 3626 1195 3664 ιι

207 3691 254 3776 fis
274 3699 314 3776 &
330 3689 428 3772 locis
440 3687 739 3806 &temporibus
758 3688 911 3796 edidit,
931 3689 1046 3777 fimul
1062 3719 1148 3775 cor-
1170 3739 1195 3778 ιι

236 3807 350 3889 ⁸Hier.
371 3814 445 3889 sitm.
463 3839 494 3898 4.
520 3824 561 3888 N·
582 3821 656 3888 Edit.
673 3825 758 3911 Epist.
772 3839 815 3898 4¹·
826 3843 972 3990 pausus..

947 3933 975 4017 ¹l
