3012 4574
318 304 398 401 284
526 294 794 389 lje-veteribus
812 269 1019 380 Iiaerttt‘co

268 443 294 480 o
317 405 567 520 deprehendi
588 413 630 489 in
651 405 793 520 quibus
816 407 930 489 illum
956 433 1079 522 prava
1105 405 1255 494 sensisse

269 554 293 592 u
317 543 400 602 non
420 519 586 603 dubium
609 519 685 624 est,
709 549 791 628 quae
807 521 998 634 defttfiares
1018 527 1091 631 ejus
1102 521 1254 634 falfizta

268 665 294 704 υ
313 633 529 716 contendunt.
561 635 645 745 Ego
674 635 800 716 miror
830 661 955 715 unum
983 632 1256 744 eumdemque

267 777 293 815 υ
315 743 524 826 hominem
542 769 628 827 tarn
647 741 845 826 diversum
866 745 889 828 ὲ
916 740 954 827 se
973 743 1048 828 effe
1062 743 1260 860 potuiffe„¹

267 888 293 927 u
314 881 362 938 ut
388 859 430 938 in
456 884 504 940 ea
563 879 648 938 urte
710 884 768 937 uae
797 855 1021 970 probator,
1051 862 1253 941 neminem
1311 901 1327 934 .

267 1001 292 1038 υ
315 966 403 1081 post
424 886 637 1081 Apoifolos
649 885 798 1050 hiireat
816 968 1035 1080 aequalem:
1059 973 1102 1052 in
1121 998 1169 1054 ea
1185 996 1251 1051 ve-

266 1113 292 1152 n
315 1081 363 1160 ro
384 1110 471 1192 quae
492 1082 578 1192 jure
608 1080 940 1196 reprehenditur,
966 1110 1088 1166 nemo
1117 1080 1256 1165 defor..

267 1224 293 1264 o
315 1191 419 1272 mitis
445 1193 640 1276 doceatur
659 1189 891 1277 erraffe..·..
915 1197 974 1278 Ex
997 1192 1132 1277 studiis
1159 1221 1249 1308 pau-

264 1329 292 1377 n
316 1307 417 1385 tium
444 1330 535 1387 orta
559 1305 616 1387 est
647 1304 877 1388 seditio...
907 1333 983 1389 nec
1014 1305 1110 1394 vero
1140 1303 1252 1394 ausus

264 1450 291 1489 ω
316 1415 399 1498 sum
422 1417 475 1499 de
497 1445 702 1530 quoquam
728 1417 884 1500 temere
907 1418 1085 1528 judicare
1109 1454 1124 1506 ι
1179 1445 1253 1500 rae-

175 1592 178 1600 ,
267 1564 292 1601 n
314 1525 529 1645 stantiffimi
546 1554 683 1615 tamen
701 1533 776 1611 viri
795 1539 836 1614 &
851 1530 1056 1614 dooiffimi
1072 1446 1255 1615 semian-
1303 1576 1308 1584 ·

265 1674 292 1716 2>
316 1664 383 1722 tur
401 1646 442 1724 in
457 1641 538 1724 hoc
558 1646 778 1726 certamine
798 1641 989 1727 diffidere.

369 1757 471 1836 Haec
486 1753 617 1838 &alia
636 1759 801 1839 Severus
824 1756 1009 1870 Sulpitius
1029 1755 1081 1840 de
1103 1758 1252 1872 Orige-

313 1869 374 1948 nis
388 1867 520 1973 libris,
542 1870 584 1949 in
601 1867 743 1979 quibus
759 1897 844 1951 non
856 1894 981 1982 negot
997 1894 1154 1955 errores
1166 1897 1254 1985 gra-

311 1977 483 2061 'viffimos
512 1984 701 2095 reperiri:
732 1981 875 2065 verum
902 1977 986 2095 ipso
1013 1980 1137 2090 teste,
1158 2009 1258 2066 tunc

314 2091 620 2182 contendebant
657 2095 850 2209 Origenis
889 2092 1147 2198 defensores,
1215 2097 1254 2172 ui

313 2201 475 2317 plurimi
490 2229 627 2310 erant,
648 2231 770 2320 atque
788 2212 979 2290 intereos
1023 2123 1251 2286 raestantiifi.

313 2304 436 2400 mi'&
461 2317 664 2400 doniffimi
691 2323 801 2401 viri:
830 2235 1161 2419 contenriebanss
1188 2318 1251 2398 in-

314 2455 437 2541 quam
447 2497 458 2532 ‚
469 2456 623 2514 errores
636 2429 727 2514 illos
741 2430 793 2514 ab
803 2432 1014 2512 Haeretitis
1029 2423 1138 2510 fuisse
1146 2427 1255 2530 frau.

313 2541 476 2623 dolenter
492 2543 646 2656 insenos.
682 2547 786 2628 Non
809 2538 912 2623 solus
935 2568 1036 2655 ergo
1059 2537 1255 2646 Rufinus,

313 2658 379 2734 cui
400 2658 434 2738 S.
451 2657 726 2767 Hieronymus
745 2652 990 2768 exprobrare
1007 2651 1051 2734 id
1071 2651 1254 2758 videtur,

312 2766 421 2848 hanc
448 2765 695 2852 defendendi
719 2767 908 2880 Origenis
937 2769 1044 2850 viam
1069 2769 1252 2850 iniverat.

316 2878 502 2992 Sulpitius
520 2905 677 2986 autem,
706 2903 938 2992 quanquam
960 2905 1045 2960 non
1066 2873 1175 2960 ausus
1196 2875 1253 2960 est

315 2992 367 3074 de
395 3023 578 3106 quoquam
610 2996 738 3074 temeri
755 2993 955 3096 judicare:
990 3015 1126 3074 tamen
1150 2989 1187 3070 se
1209 2995 1253 3072 iu

314 3132 457 3190 eornm
486 3101 738 3222 propendiffe
765 3128 931 3218 partes,
996 3108 1036 3183 ui
1067 3099 1253 3183 falsatum

317 3221 542 3333 Origenem
560 3217 772 3321 volebant,
805 3245 889 3299 non
916 3132 1086 3297 obicure
1111 3211 1254 3328 fignifi-

316 3355 410 3437 cat,
431 3336 598 3413 tumuit
618 3344 746 3412 mirari
772 3331 806 3437 fi»
826 3331 932 3412 unum
947 3327 1173 3438 eumdemque
1191 3325 1253 3407 ho-

315 3459 445 3528 minem
465 3471 542 3526 tum
561 3445 742 3556 diverficm
758 3435 781 3526 ἆ
798 3441 909 3554 [eff
926 3439 1083 3548 potuiffe.

375 3559 625 3674 Opinionem
644 3557 751 3640 hanc
775 3557 826 3640 de
849 3553 1087 3636 adulteratis
1104 3551 1253 3665 Orige-

314 3676 376 3757 nis
396 3672 583 3788 operibus
604 3671 733 3756 multo
749 3667 925 3786 apertius
946 3665 1199 3785 amplectitur
1218 3671 1259 3749 &
