2896 4562
331 309 377 414 56
384 307 408 383 6
553 309 618 388 De
634 298 817 382 veteribus
838 309 1045 384 Haereticu
1202 294 1206 302 ’

331 443 419 497 mus
436 435 580 502 contra
595 437 689 495 eum
704 411 914 498 insurrexit
929 412 990 499 his
1007 410 1150 497 verbis.
1161 447 1187 490 n
1196 413 1271 499 Di.

281 569 307 610 o
333 531 390 609 cit
407 542 421 576 ²
442 523 686 616 Tertulliani
706 524 883 631 librum,
902 529 966 607 cui
988 525 1125 610 titulus
1150 525 1207 613 e'st
1228 528 1272 612 de

282 679 308 722 u
334 651 524 724 Trinitate
538 635 611 724 sub
626 641 791 724 nornine
807 637 888 747 ejus
906 637 1122 754 (Cypriani
1130 626 1155 740 )’
1163 641 1273 722 Con.

281 794 308 834 o
334 748 629 863 stantinopolii
644 749 951 836 Macedonianae
960 755 1083 866 partis
1101 751 1294 834 Haereti.'

282 907 309 946 n
336 868 390 945 cis
416 863 593 949 lectitari.
615 865 664 950 ln
683 891 764 973 quo
783 865 949 945 crimine
966 867 1160 948 mentitur
1176 863 1273 950 duo.

281 1018 309 1060 n
336 979 448 1061 Nam
459 1002 535 1060 nec
545 973 785 1060 Tertulliani
798 971 1069 1080 liberest,nec
1081 977 1277 1092 Cypriani

283 1132 309 1172 η
336 1089 483 1170 dicitur
495 1133 507 1194 3
521 1084 847 1192 sedNovatiani,
863 1088 972 1196 cujus
994 1086 1275 1174 &inscribitur

205 1297 207 1300 ,
284 1243 311 1290 n
336 1200 456 1285 titulo
476 1247 487 1312 i
505 1207 545 1283 δι
568 1203 737 1284 auuoris
756 1198 963 1316 eloquium
983 1198 1073 1318 styli
1092 1204 1275 1318 proprie-

284 1357 311 1397 ι»
337 1335 397 1394 tas
415 1309 674 1398 demonstrat.
767 1361 769 1368 ·

394 1423 472 1508 Sed
489 1421 627 1514 Rufini
646 1424 710 1512 seu
727 1427 955 1527 temeritas,
971 1419 1039 1508 seu
1054 1423 1279 1512 mentiendi

337 1533 502 1622 licentia
522 1535 654 1620 multo
675 1533 921 1620 manifestiis
949 1531 987 1618 se
1005 1537 1144 1652 prodit
1162 1543 1204 1618 in
1228 1561 1279 1622 ea

285 1709 312 1750 „
338 1645 513 1754 sabella,
532 1675 653 1762 quam
672 1648 724 1732 de
744 1651 757 1730 i
787 1647 827 1730 so
843 1651 1103 1762 Hieronymo
1124 1648 1279 1732 confin.

286 1818 314 1860 „
339 1764 454 1866 xinp
472 1759 718 1846 DamasusE
747 1677 1281 1876 iieopusb‚inquit,·cnmde

285 1931 311 1972 a
338 1872 580 1986 recipiendis
605 1871 699 1989 Apo
731 1878 918 1963 marianis
947 1873 1185 1960 deliberatio
1205 1875 1279 1960 ha-

284 2041 310 2084 „
339 1981 506 2076 beretur
531 2053 543 2092 ,
570 1985 802 2074 Editionem
838 1985 1116 2076 Ecclesiasticae
1148 1985 1245 2070 fidei
1263 2053 1299 2092 „

285 2153 312 2197 „
341 2101 406 2180 cui
426 2097 793 2218 eidenssdinoni,
813 2098 841 2181 sr
863 2098 1042 2189 Ecclesrae
1070 2100 1182 2214 jungi
1212 2125 1283 2183 ve.

285 2267 311 2309 „
340 2209 440 2313 lint,
456 2207 698 2294 subscribere
713 2207 931 2314 deberent,
948 2207 1284 2294 conscribendam

284 2381 312 2423 ,‚
340 2318 553 2407 mandavit
580 2316 739 2406 cuidam
772 2321 904 2402 amico
940 2315 1008 2402 suo
1037 2319 1287 2433 Presbytero

285 2493 312 2538 „
342 2435 430 2516 viro
452 2427 724 2533 disertiffimo,
741 2434 810 2544 qui
830 2427 911 2512 boc
930 2429 989 2513 illi
1006 2459 1056 2514 ex
1076 2457 1191 2516 more
1211 2459 1286 2519 ne-

285 2609 312 2648 „
372 2550 502 2628 otium
520 2541 777 2660 procurabat.
794 2539 1068 2653 Necessarium
1084 2543 1208 2628 visum
1228 2543 1289 2634 est

284 2713 312 2759 »„
343 2571 513 2752 bidenti
536 2662 579 2742 in
604 2655 687 2772 ipsa
712 2657 899 2748 Editione
923 2656 975 2746 de
1000 2661 1289 2742 incarnatione

286 2831 312 2873 „
344 2773 519 2864 Domini
548 2771 723 2852 bominem
748 2781 983 2856 Dominicam
1009 2770 1101 2853 dici.
1129 2767 1290 2855 Offensr

287 2948 314 2988 ,‚
344 2879 435 2966 sunt
459 2882 601 2965 in'boc
628 2875 808 2970 sermone
834 2881 1125 3003 Apollinaristae
1142 2919 1152 2968 ε
1170 2887 1288 2966 novi-

289 3060 314 3100 „
344 3018 472 3079 tatem
495 2992 686 3077 sermonis
701 2989 886 3086 'incusare
904 3011 1138 3108 coeperunt:
1158 2993 1292 3083 adesse

290 3172 316 3210 ‚,
346 3106 415 3200 fibi
436 3111 590 3222 coepit,
609 3109 678 3219 qui
697 3104 938 3212 dietaverat,
953 3115 994 3191 δι
1014 3132 1064 3190 ex
1080 3111 1294 3192 audiorita.

293 3287 318 3323 ‚,
346 3245 386 3307 te
406 3248 502 3304 vera
522 3223 771 3341 Scriptorum
783 3217 1294 3309 ‘Catholicorumvirorum

241 3337 245 3345 “
290 3399 315 3438 ,,
347 3331 561 3419 confutare
593 3359 662 3414 eos
695 3335 764 3444 qui
793 3330 1097 3447 impugnabant.
1127 3334 1297 3420 Accidit
1330 3399 1338 3414 .

289 3511 320 3552 .„
347 3472 393 3531 ut
405 3451 474 3538 uni
485 3473 534 3528 ex
549 3443 741 3563 ipsrs‚qui
755 3448 979 3529 novitatem
997 3443 1187 3570 sermonis
1200 3474 1296 3531 cau-

377 3635 390 3666 ·
409 3628 534 3710 Apolog.
548 3623 613 3686 adv.
631 3621 698 3691 Rus.
713 3625 763 3696 lib.
776 3647 803 3692 a.
819 3629 829 3780 Ι
859 3623 954 3718 Ᾰῑιλυὶ.
966 3627 1049 3706 Apol.
1061 3643 1114 3706 pto
1124 3629 1206 3708 orig.
1218 3628 1299 3708 apud

346 3721 424 3774 ⁸⁰1³·
439 3729 469 3778 4·
483 3723 549 3796 peg-
564 3722 629 3784 415·
846 3709 929 3778 mer,
941 3725 1012 3770 ton·
1027 3723 1052 3781 ς.
1067 3722 1133 3790 pag.
1148 3725 1211 3782 ης.
