2896 4562
366 331 453 432 576·
576 337 641 412 De
658 325 838 410 veteribus
853 336 910 416 H
909 336 1060 434 aerrticis

364 427 448 519 bene
466 450 579 519 etiam
590 453 784 522 meriturus
797 439 890 520 mibi
906 440 1042 520 videris
1061 438 1104 518 de
1120 449 1194 520 tuis
1210 449 1302 520 civi·

363 547 450 646 bus,
460 551 502 662 ſs
516 581 573 632 eos
596 582 662 634 non
685 553 784 632 modi
805 561 904 657 capii
925 581 1038 632 rerum
1061 567 1237 649 auxeris,
1260 578 1306 632 ut

362 665 503 770 efficisti
516 725 529 761 ‚
541 665 615 776 fid
630 675 744 744 etiam
764 663 958 744 verborum.
968 663 1224 760 Audebimus,
1243 697 1298 746 er.

356 802 430 886 go,
448 788 573 886 inquit
596 791 742 873 Varro,
753 790 864 862 ,novis
883 775 1004 856 verbis
1020 789 1101 873 uti,
1118 801 1154 856 te
1171 771 1296 858 auflo.

357 916 420 984 re,
438 889 481 1000 st
491 886 614 997 neceffi’
632 893 687 994 est.
715 891 814 972 Hoc
832 885 957 1001 ipsum
983 887 1125 970 eidem
1143 894 1296 1004 pariter

355 1021 473 1082 aetate
498 1001 609 1082 ausus
632 1000 688 1083 est
715 998 875 1114 infignis
903 1003 1031 1082 Poeta
1054 1002 1291 1106 Lucretius,
1329 1101 1332 1110 ι

353 1109 447 1192 cirm
469 1114 523 1192 ad
544 1112 820 1196 illustrandam
838 1115 990 1196 Latinis
1011 1105 1183 1194 veriibus
1198 1109 1289 1227 Epi.

352 1228 437 1304 curi
467 1223 768 1338 Philosophiam
797 1223 835 1307 se
865 1225 1050 1307 accinxit.
1081 1227 1143 1306 Sic
1178 1220 1288 1310 enini

349 1337 596 1418 Memmium
610 1341 784 1420 amicum
799 1405 811 1443 ,
828 1341 893 1421 cui
910 1364 1009 1451 opus
1024 1333 1133 1418 suum
1154 1335 1287 1446 dicat,

301 1475 326 1514 ν»
348 1445 602 1560 alloquitur².
995 1516 998 1539 i

245 1559 250 1614 ἶ
299 1587 325 1650 2²
375 1571 464 1644 Nec
472 1575 652 1646 meanimi
650 1563 773 1665 fallit,
781 1577 982 1648 Graecorum
993 1561 1136 1676 obscura
1144 1584 1288 1668 reperta

208 1715 214 1732 ·
296 1701 322 1740 '³
361 1675 544 1774 “Difficili
564 1675 749 1784 inlustrare
766 1687 917 1760 Latinis
934 1673 1091 1786 verfibus
1111 1673 1196 1784 effin-

295 1815 321 1854 ’2
370 1786 1284 1903 Multanovirverbirpraeftrtimcrimfitagendum,

294 1927 319 1966 ²³
371 1909 559 2006 Proptere
583 1895 1280 2017 statemlinguae‚&rcrumnovitaiem.

357 1932 1279 2127 Quodsirio&iffimiatqueeloquentiffimiRo.

336 2130 447 2204 mani
459 2130 541 2208 Scri
572 2128 679 2208 tores
692 2130 837 2209 Cicero
855 2135 895 2208 &
915 2130 1143 2228 LucretiuS,
1160 2127 1279 2208 Grae-

334 2259 475 2314 corum
495 2155 719 2346 diicipnnas
732 2241 879 2318 Latino
896 2235 1078 2317 sermone
1096 2235 1283 2342 explica-

330 2367 375 2448 re
397 2371 480 2423 non
507 2368 753 2456 potuerunt,
776 2349 873 2454 quin
901 2371 1009 2424 nova
1035 2369 1170 2432 rerum
1194 2369 1282 2424 no-

286 2506 290 2517 ·
330 2482 469 2536 varum
483 2451 663 2540 facerent
685 2456 1032 2567 nominarquanto
1054 2455 1181 2568 magis
1223 2459 1280 2539 ri-

328 2595 416 2650 mos
427 2569 606 2662 Ecclefiae
618 2572 816 2654 Dodmres
835 2567 970 2682 inopii
986 2597 1133 2650 vocum
1153 2483 1274 2650 laio-

327 2680 425 2765 raffe
440 2682 597 2768 necesse
622 2684 702 2790 est,
721 2682 863 2798 quibus
889 2710 974 2762 non
1005 2681 1057 2765 de
1082 2681 1273 2764 humanis

328 2795 568 2910 disciplinis,
588 2797 654 2881 sed
676 2801 727 2880 de
754 2795 939 2877 altiffimis
969 2821 1017 2876 ac
1045 2793 1270 2877 reconditis

325 2909 550 3022 Religionis
562 2909 797 2992 Christianae
808 2907 999 3019 mysteriis
1013 2935 1150 2990 coram
1163 2903 1269 2988 mul-

324 3023 498 3104 titudine
524 3028 711 3135 imperita
730 3021 807 3102 fuit
834 3017 1114 3102 differendum.
1131 3022 1265 3132 Atqui

319 3133 378 3216 illi
398 3163 473 3218 nec
489 3139 609 3218 tan'tae
630 3158 746 3218 etant
763 3136 1031 3235 austoritatis,
1049 3156 1095 3214 ut
1106 3131 1170 3214 vel
1189 3161 1265 3214 no-

321 3275 370 3328 va
395 3247 518 3330 verba
540 3252 582 3328 in
606 3246 715 3330 usum
745 3271 1002 3328 communem
1034 3243 1261 3350 inducere,

319 3360 381 3442 vei
398 3385 535 3444 vetera
559 3360 612 3442 ad
632 3359 743 3442 usum
761 3386 911 3441 novum
932 3355 1148 3439 transferre
1158 3352 1259 3472 pos-

318 3471 403 3556 sent
422 3510 431 3555 ι
450 3473 534 3556 imo
554 3503 629 3556 nec
646 3473 768 3556 facilit
791 3494 980 3585 poterant
1005 3495 1257 3583 propterte-

316 3586 1257 3702 gionumlonginquitatem‚&ingruentescon-

347 3739 359 3764 ¹
372 3728 432 3788 Lib.
447 3745 468 3790 r.
480 3731 552 3792 circa
563 3727 657 3792 finem.

1132 3805 1252 3890 tinuo
