2956 4558
202 345 206 354 .
328 282 413 384 396
549 288 615 366 De
632 281 812 363 veteribus
832 273 1037 364 Haeretiris
1132 316 1135 323 ·

338 400 480 496 accipi,
497 421 544 472 ac
560 409 665 474 novis
684 394 897 510 quibusdam
921 393 1100 498 adjuniiu
1118 415 1272 502 exagge-

250 550 253 556 -
340 503 727 610 iari'‚autinfideliter
739 508 840 588 tradi
848 504 996 619 fhleat,
1011 531 1193 613 nunquam
1205 503 1269 612 fh

336 627 386 692 ris
395 604 694 714 certum’animum
697 622 807 722 facit.
826 622 924 702 Hoc
933 618 1141 731 postquam
1152 637 1271 726 gene-

336 732 456 810 ratim
467 727 610 812 effatus
623 733 701 835 est,
721 756 836 846 putat
854 735 1125 813 narrationem
1138 729 1268 807 Hinc-

335 846 439 923 mari
458 842 625 926 abunde
639 843 841 958 explosam
863 837 950 925 effe.

389 954 447 1035 At
485 954 514 1036 [ι
551 959 660 1069 vagis
691 953 886 1067 ejusmodi
909 949 1196 1064 suspicionibus
1226 957 1266 1032 δι

335 1066 569 1169 conjeeiuris
584 1066 695 1149 locus
715 1069 796 1174 est3
844 1090 942 1148 uota
967 1093 1084 1178 pars,
1104 1058 1264 1175 quaeso,

333 1176 521 1261 Historiae
542 1203 627 1262 tam
649 1097 924 1266 Ecclefiairicae
946 1179 1064 1290 quim
1087 1174 1266 1289 profanae

330 1284 436 1370 salva
472 1297 550 1374 erit
578 1297 619 1376 δι
657 1296 844 1406 integra?
870 1297 951 1376 Vix
989 1293 1100 1372 enim
1119 1291 1168 1368 'in
1195 1313 1261 1380 ve-

331 1399 481 1484 teribus
507 1401 617 1486 libris
641 1429 770 1518 pauca
788 1403 973 1517 quaed'arn
997 1401 1102 1482 faoia
1121 1426 1263 1482 occur.

329 1537 424 1596 runt
437 1581 449 1615 ,
463 1544 551 1628 quae
568 1522 738 1632 propriis
756 1514 882 1601 oculis
898 1513 1074 1597 viderint
1092 1511 1263 1595 Histori

330 1628 395 1730 ci,
417 1656 501 1710 non
527 1635 758 1740 acceperint
782 1656 832 1712 ex
851 1627 1032 1710 oliorum
1053 1623 1262 1707 relatione.

330 1739 526 1850 Equidem
547 1739 668 1824 facile
696 1738 950 1824 concefferim
973 1743 1014 1822 in
1036 1735 1096 1818 his
1117 1737 1262 1840 rebus,

331 1877 429 1960 quas
450 1850 531 1936 fide
548 1853 727 1936 humani
749 1853 971 1955 credimus,
992 1853 1138 1964 primas
1152 1873 1262 1930 tene.

329 1989 375 2046 re
394 1992 481 2076 quae
501 1965 552 2050 ab
572 1960 740 2049 oculatis
767 1962 929 2050 testibus
953 1963 1192 2046 traduntur:
1211 1985 1264 2044 -at

329 2101 415 2158 non
428 2077 582 2160 idcirco
595 2076 777 2190 respuere
788 2077 998 2182 debemur,
1011 2081 1260 2187 &tanquam
1284 2105 1302 2142 ι

327 2183 543 2301 suspeiium
557 2217 610 2273 ne
639 2190 826 2304 ligere,fi
845 2187 943 2302 quid
953 2211 1138 2272 narratur
1149 2183 1263 2298 quod

328 2296 380 2381 ab
406 2328 455 2384 eo
475 2307 544 2414 qui
566 2219 692 2386 reiert
711 2331 795 2385 non
822 2299 944 2384 fuerit
964 2297 1088 2383 visum
1107 2297 1259 2402 oculis,

328 2408 397 2496 sed
434 2413 596 2498 tantum
633 2415 792 2498 auribus
829 2437 1039 2528 acceptum
1062 2412 1129 2518 ,fi
1167 2439 1255 2494 mo.

329 2522 385 2606 do
402 2525 473 2611 ille
484 2525 652 2610 idoneos
663 2553 710 2610 ac
723 2527 804 2611 fide
815 2525 958 2641 dignor
972 2524 1088 2609 tester
1108 2520 1262 2606 habuis-

327 2629 366 2720 se
384 2636 582 2724 noscatur.
603 2638 659 2724 At
689 2645 729 2724 ui
747 2644 992 2724 Hincmarus
1010 2639 1178 2722 idoneos
1198 2633 1260 2717 sa-

327 2748 384 2834 ni
410 2750 526 2838 testes
555 2670 753 2866 appeiiat,
772 2751 920 2865 nempe
950 2749 1040 2832 illos
1066 2745 1169 2865 ipsos
1190 2753 1262 2862 qui

329 2862 540 2968 Concilio,
557 2867 601 2946 in
621 2894 703 2978 quo
724 2867 881 2948 deteeia
898 2862 1005 2947 fraus
1021 2861 1103 2964 est,
1122 2859 1262 2944 adfue-

327 2999 445 3080 rant,
462 2972 674 3091 Episcopos
692 2973 865 3080 scilicet,
884 3001 954 3059 aut
968 2973 1108 3057 saltem
1121 2973 1257 3058 Eccle-

327 3085 498 3173 fiasticos
508 3093 623 3190 viros.
636 3087 806 3173 Definat
814 3115 912 3203 ergo
929 3085 1083 3200 sperare
1095 3085 1261 3168 Custan.

329 3204 433 3305 tius,
452 3207 723 3286 narrationem
752 3203 965 3285 Hincmari
995 3195 1052 3280 ob
1070 3198 1115 3281 id
1134 3227 1260 3280 unum

328 3309 548 3426 suspicione
574 3313 818 3429 perstriikum
852 3316 927 3416 iri,
948 3311 1062 3424 quod
1087 3309 1157 3396 ille
1187 3341 1262 3390 mm

330 3449 529 3512 mmtnon
536 3456 650 3538 quam
656 3441 812 3538 propriis
824 3424 932 3508 oculu
942 3426 1066 3523 vidit,
1074 3425 1262 3539 sedquam

333 3540 466 3624 didicit
486 3540 665 3624 relatione.

393 3649 550 3764 Ob'jicit
576 3648 751 3754 secundo
769 3649 958 3738 ²Alouini
981 3649 1192 3738 olentium.
1210 3651 1266 3735 At

355 3796 450 3860 ¹1hid.
466 3815 530 3878 pag.
553 3800 596 3871 85.
