3036 4592
343 353 570 474 'Ecclcfiastr'c⁸
583 349 754 446 Codicum
764 355 1045 463 corruptoribus.
1110 377 1156 463 25

224 465 435 572 manifesto
452 470 696 556 docentium.
712 473 811 556 Hoc
825 473 933 554 enim
948 470 1153 571 fictorum,
1174 493 1201 537 τι

230 585 404 696 &prave
423 585 714 691 seducentium,
733 584 1087 698 &hypocritarum
1097 577 1154 662 est
1174 605 1201 646 ‘t

229 693 454 800 molimen,
474 695 822 810 quemadmodum
849 693 1002 777 faciunt
1021 691 1064 774 hi
1084 694 1154 802 qui
1174 715 1202 756 u

228 803 495 892 rualenum
521 805 622 893 sunt.
652 813 714 892 Hi
729 811 837 889 enim
858 805 910 888 ad
930 803 1154 885 multitudi-
1176 828 1201 870 u
1317 863 1324 878 .

227 943 346 1024 nem,
365 945 532 1033 propter
547 925 695 1033 eosqui
715 916 868 1001 sunt-ab
881 913 1076 1017 Ecclesia,
1093 919 1154 994 in.
1177 941 1204 980 κ
1253 981 1256 988 .

222 1026 363 1118 ferunt
373 1027 572 1116 sermones
582 1060 653 1148 per
664 1060 764 1146 quos
777 1059 822 1113 ca
851 1037 938 1113 iunt
948 1025 1156 1142 simplicio
1177 1050 1203 1091 ε(

228 1167 315 1245 res,
344 1143 574 1230 &illiciunt
598 1173 698 1248 eoS,
724 1061 947 1226 fimuiantes
976 1138 1156 1222 nostrum
1177 1163 1205 1212 σε

229 1257 467 1361 tractatum,
482 1281 528 1338 ut
555 1254 690 1370 saepiirs
711 1255 921 1339 audiant».
948 1252 1046 1338 Solis
1061 1255 1157 1334 Hae-

228 1371 363 1448 reticis
382 1391 482 1449 nota
500 1365 556 1449 est
578 1375 618 1452 &
637 1361 947 1452 familiaris'haec
964 1364 1155 1480 perfidia,

230 1499 277 1556 ut
296 1474 413 1558 aliter
434 1482 476 1559 in
501 1475 768 1586 abscondito,
798 1480 913 1564 aliter
936 1479 1156 1592 loquentur

162 1584 166 1601 '
230 1589 274 1666 in
297 1587 525 1674 manifesto:
554 1593 783 1707 meritdque
799 1589 969 1708 suspetla
989 1589 1046 1673 est
1063 1589 1157 1671 illo-

230 1698 545 1788 rumhominum
565 1705 768 1810 doctrina,
794 1709 862 1818 qui
912 1699 995 1782 uod
1018 1706 1061 1780 in
1080 1698 1155 1779 do-

228 1811 356 1894 mibus
377 1819 542 1928 privatis
561 1821 743 1930 garriunt
762 1823 803 1899 &
826 1732 970 1895 crebro
989 1805 1154 1892 insusur-

226 1949 321 2006 rant
339 1931 382 2006 in
399 1953 565 2030 aurem,
593 1956 678 2008 non
704 1925 856 2009 audent
880 1949 1016 2006 coram
1037 1920 1157 2036 plebe

178 2073 190 2092 ·
229 2034 446 2118 Catholicd
471 2038 604 2152 palam
651 2036 850 2120 raedicare.
874 2039 936 2142 Sic
955 2034 1053 2116 olim
1071 2039 1155 2121 Va-

226 2144 437 2231 lentiniani
455 2178 502 2232 ac
518 2065 723 2256 Gnoliici,
739 2154 895 2265 quoties
906 2175 1042 2231 coram
1055 2145 1160 2234 mul·¹

226 2259 399 2344 titudine
417 2259 607 2347 habenda
625 2289 713 2348 erat
729 2251 888 2368 bracio,
917 2257 1155 2344 simulabant

224 2371 402 2455 nostram
417 2375 639 2460 doctrinam
656 2422 666 2483 3
682 2402 734 2459 nc
750 2372 931 2489 srapertb
945 2372 1156 2458 traderent
1201 2423 1209 2442 ·

219 2483 415 2601 profanas
432 2492 630 2572 novitates
651 2555 663 2594 ,
683 2488 749 2572 vel
761 2487 799 2570 d
818 2491 910 2570 viris
930 2485 1154 2570 Catholicis

219 2601 297 2711 qui
314 2596 491 2682 adeffent
508 2601 865 2715 redarguerentur,
889 2598 953 2682 vel
975 2598 1152 2684 deterre·
1203 2649 1209 2663 -

214 2733 317 2798 rent
338 2710 663 2817 multitudinem,
688 2740 811 2825 quam
834 2709 994 2796 allicere
1017 2709 1152 2826 potius
1181 2727 1209 2772 *-

211 2834 265 2912 &
299 2821 371 2904 fibi
401 2822 605 2907 devincire
632 2824 891 2910 vehementer
926 2853 975 2908 cu
1003 2821 1151 2908 iebant.
1259 2909 1263 2920 ,

212 2933 355 3051 Qrod
370 2959 416 3019 ut
432 2935 684 3042 obtinerent,
705 2963 751 3021 ut
771 2935 921 3021 ibidem
939 2853 1055 3019 addit
1071 2939 1151 3018 Irc-

203 3065 379 3143 naeus²r
397 3085 421 3123 u
445 3075 666 3162 queruntur
691 3051 742 3134 de
761 3049 898 3155 nobis,
922 3046 1149 3162 quodcum
1173 3093 1200 3134 tt

199 3159 364 3258 fimilia
382 3158 586 3244 nobiscum
601 3159 792 3270 sentiant,
812 3161 891 3246 fine
911 3157 1150 3244 causaabsti-
1172 3207 1198 3246 α

98 3285 101 3288 ’
198 3303 387 3372 neamus
402 3275 516 3357 nosd
540 3279 904 3359 communicatione
922 3297 1087 3379 eorum,
1109 3279 1150 3355 ὃ(
1171 3319 1198 3360 «ι
1223 3343 1225 3348 .

196 3394 317 3482 ciam
336 3388 644 3492 eademdicant,
656 3389 877 3472 &eandem
892 3383 1149 3472 habea-ntdo-
1172 3433 1197 3474 rr

192 3507 388 3598 urinam
399 3568 410 3603 ,
423 3529 611 3583 vocemus
620 3500 711 3583 illos
723 3503 960 3602 Haereticos.
975 3536 1000 3574 u
1013 3502 1150 3613 Quam

190 3614 597 3715 valentinianorum
615 3612 777 3738 plenam
793 3611 960 3735 perfidia
979 3611 1149 3705 diffmu.

235 3737 358 3827 ulbid·
988 3773 991 3780 “
