2956 4558
349 315 437 418 476
590 317 656 400 De
678 309 857 392 veteribus
875 318 1082 394 Hernici

347 451 459 525 mus,
479 417 604 504 sensus
626 414 881 536 erit’planus,
901 420 1102 505 conclusio
1121 445 1281 510 naturai

346 532 417 640 lis5
439 532 536 645 quid
550 539 657 618 enim
676 535 858 617 naturale
877 543 917 618 dt
938 563 1108 648 pronum
1129 540 1280 648 magis,

347 645 468 756 quim
495 645 705 760 postquam
733 648 878 730 dixeris
902 643 1084 729 “nascenti
1116 647 1279 736 Christo

348 757 395 853 ὠ
408 771 540 864 panni
558 771 728 873 Virginis
747 759 1028 866 proclamantem
1042 783 1111 866 pet
1124 759 1275 866 prophe-

345 877 624 980 tamspin'tnm,
642 884 865 955 nuntiantem
882 871 1066 986 Angelum
1078 935 1091 976 ‚
1106 899 1280 982 nevaeqne

344 979 433 1063 lucis
441 985 585 1088 stelnm
597 982 781 1086 fhmnlan'
791 1009 802 1068 3
813 997 1018 1100 vagientem
1035 985 1282 1091 infhntrmper

214 1165 218 1174 .
345 1093 570 1206 Angelorum
587 1097 718 1179 divina
736 1097 877 1211 gandia
891 1096 1083 1194 honorari,
1097 1103 1277 1200 jacentem

344 1218 383 1290 in
403 1235 570 1290 cenarum
596 1209 753 1315 sordibus
772 1209 921 1290 adorari
939 1210 962 1288 l
982 1217 1146 1322 Magis.-
1168 1208 1277 1318 hoc²

344 1321 537 1430 inquam,
560 1311 628 1402 uhi
648 1321 816 1425 dixeris,
839 1319 937 1433 quid
953 1320 1131 1434 proclive
1151 1325 1276 1434 magis,

346 1428 431 1536 est,
452 1431 571 1543 qudnr
593 1431 645 1513 fic
669 1439 895 1515 orationem
917 1431 1158 1516 concludere
1176 1470 1186 1516 ε
1204 1445 1277 1515 Ita

340 1547 527 1650 potqlatis
552 1544 592 1626 di
646 1557 712 1626 'tas
733 1575 799 1626 nnn
822 1557 1033 1642 amittitur,
1058 1545 1278 1640 lancternis

347 1573 1020 1771 hamilitasaslhnrthafidtcas,
1035 1661 1092 1740 ita
1107 1655 1275 1771 potesta.

349 1771 399 1850 tis
417 1767 590 1883 dignitas
617 1795 702 1852 non
723 1773 920 1877 amittitur
941 1836 952 1873 ,
962 1769 1004 1882 ſs
1020 1773 1163 1880 quidem
1188 1797 1276 1852 car-

348 1885 408 1961 nis
431 1881 634 1964 humilitas
654 1883 873 1967 adoratur:
893 1880 956 1966 vel
977 1883 1089 1995 quod
1105 1887 1147 1964 in
1166 1881 1278 1966 idem

348 1993 520 2099 recidit,
544 1998 602 2080 ita
627 1993 724 2080 dum
748 1999 882 2078 carnis·
903 1995 1105 2078 humilitas
1130 1996 1275 2077 adora-

349 2127 446 2211 tur,
472 2119 609 2189 interea
630 2106 836 2219 potestatis
859 2107 1033 2222 dignitas
1055 2134 1141 2190 non
1159 2110 1278 2190 amit.

347 2237 457 2298 titur.

393 2329 546 2410 Omnia
557 2326 669 2411 certe
686 2325 912 2431 coherent,
924 2325 1048 2412 sensus
1063 2325 1191 2410 clarus
1207 2325 1282 2436 est,

345 2443 389 2524 δι
416 2439 616 2523 conclufio
638 2438 717 2523 rite
734 2437 905 2524 dedutta
931 2467 981 2523 ex
1007 2439 1283 2525 antecedenti-

348 2550 432 2636 bus.
448 2553 503 2636 At
518 2550 723 2638 fiverbum
734 2553 949 2660 adoptatur,
960 2556 1003 2636 in
1018 2551 1153 2636 locum
1172 2552 1280 2644 istius

346 2666 524 2777 adoratur
531 2734 544 2774 ,
564 2663 763 2781 posueris:
781 2666 862 2778 jam
884 2663 1084 2750 conclufio
1103 2693 1186 2748 non
1203 2671 1284 2752 erit

378 2784 513 2894 roprit
534 2779 651 2888 hujus
667 2777 1020 2894 vigefimi-septimi
1034 2783 1196 2893 cepitis,
1211 2777 1280 2865 ubi

347 2805 532 2976 habetur.
549 2895 660 3006 Quip
688 2895 793 3002 equi
807 2889 1208 3006 loquituraccurath,
1221 2890 1280 2972 di-

346 3029 439 3089 cere
457 3032 542 3087 non
563 2917 694 3118 poteli
711 3001 914 3086 Christum
934 3001 1134 3085 nascendo
1150 3007 1279 3086 carnis

330 3113 616 3201 'humilitatem
633 3113 836 3230 adopteffe
848 3115 919 3198 srbi
932 3123 972 3199 ἃ
982 3111 1178 3230 suscepill'e
1189 3184 1201 3220 ,
1212 3111 1281 3200 sed

268 3289 276 3299 .
346 3225 451 3312 susce
480 3225 1281 3342 taminipsaconceptione&novemjam

307 3383 309 3392 ·
347 3255 499 3423 menles
518 3341 710 3426 latentem
724 3345 767 3424 in
782 3339 865 3424 finu
875 3343 1051 3454 Virginis
1071 3338 1178 3422 foras
1194 3367 1278 3423 ma.

213 3477 215 3482 ·
346 3449 539 3539 nifestalle
564 3449 776 3538 nascendo.
794 3449 933 3536 Multd
953 3452 1085 3534 minhs
1111 3452 1192 3538 dici
1208 3453 1279 3537 de.

306 3635 310 3646 .
348 3562 443 3671 bet,
462 3566 642 3654 Christus
661 3593 733 3682 per
753 3569 931 3764 vagitum
951 3571 992 3648 δε
1009 3591 1131 3647 cunas
1152 3569 1282 3648 carnis

346 3676 618 3766 humilitatem
638 3679 790 3795 adopta
819 3705 842 3761 e
868 3675 938 3762 irbi
960 3687 1001 3764 &
1023 3661 1279 3796 affumpsrlle:
