2896 4562
586 53 601 116 s

312 353 434 469 .59s
586 363 652 442 Dr
669 355 849 436 veteribus
866 365 1072 438 Haereticis
1169 345 1174 352 ¹

418 469 498 553 Sed
517 467 618 552 iilud
635 472 786 552 caeteris
809 463 996 549 omnihus
1012 465 1176 549 uberiits
1201 493 1303 581 prae.

361 581 461 668 stitit
480 579 661 664 Gelasrus
682 581 791 694 Papa
810 583 852 662 in
874 579 1062 661 Concilio
1083 581 1304 687 Romano,

363 695 476 810 quod
502 721 611 777 anno
635 693 785 776 Christi
810 721 910 798 494.
940 691 1188 778 celebratum
1213 693 1301 798 est,

360 805 430 890 ubi
441 833 525 890 non
536 803 662 890 modo
676 807 784 888 Sacri
796 804 907 889 Libri
920 805 1179 888 Canoniciab
1191 805 1304 920 Apo.

358 915 623 1036 ¹cryphis,sed
639 923 761 1002 etiam
782 943 906 1032 opera
924 917 1091 1002 Patrum
1110 917 1261 1000 sincera
1280 921 1305 1004 i

362 1031 636 1148 supposititiis,
655 1053 725 1114 aut
745 1031 944 1146 corruptis
963 1027 1235 1116 secernuntur.

417 1149 546 1262 Igitur
568 1147 611 1226 in
627 1171 677 1228 eo
691 1140 879 1227 Concilio
892 1141 1078 1226 Gelafiur
1098 1142 1192 1225 ci1rn
1215 1141 1241 1224 s
1285 1203 1302 1216 .

362 1264 545 1372 tuaginta
571 1255 797 1374 Episcopo,
825 1261 896 1370 qui
916 1261 1168 1360 intererant,
1193 1282 1264 1338 rnu
1283 1318 1301 1332 .

362 1373 406 1454 'ta
434 1372 642 1475 decernit,
667 1373 774 1452 inter
804 1397 891 1482 quae
919 1369 1005 1452 haec
1034 1367 1213 1454 maxime
1248 1369 1305 1454 ad

360 1509 446 1566 rem
473 1479 648 1567 nostram
669 1485 885 1600 pertinent.

312 1652 338 1692 „
419 1593 778 1680 Gestasrnetorum
790 1595 1304 1710 Martyrum¹,inquit,....

313 1763 337 1803 ,‚
362 1703 455 1790 ideo
475 1705 696 1791 secundun
716 1709 801 1791 anti
831 1733 925 1791 uam
945 1705 1306 1812 consuetudinem,

312 1877 337 1917 „
364 1816 549 1934 singulari
564 1817 719 1905 cauteli
741 1823 783 1903 in
803 1735 938 1904 saniir
962 1822 1153 1906 Romana
1168 1817 1305 1904 Eccle-

311 1992 336 2029 ‚,
362 1931 415 2016 sia
436 1961 520 2017 non
536 1934 754 2050 leguntur,
774 1937 870 2048 quia
887 1939 927 2018 &
949 1961 1092 2018 eorum
1112 1935 1181 2046 qui
1202 1957 1302 2014 con-

311 2103 336 2142 „
361 2044 544 2162 scripsere
562 2051 730 2132 nomina
744 2051 900 2162 penitus
914 2051 1175 2166 ignorantur,
1193 2049 1234 2132 δι
1250 2045 1303 2127 ab

311 2217 335 2254 „
360 2159 587 2243 infidelibus
605 2183 675 2242 aut
688 2157 826 2243 idiotis
847 2151 1066 2274 superflua,
1080 2181 1152 2242 aut
1166 2157 1302 2240 minin

311 2327 334 2366 „
359 2270 609 2383 apta,quim
621 2273 679 2352 rei
701 2270 806 2352 ordo
821 2271 965 2376 fuerit,
986 2269 1130 2388 scripta
1144 2265 1219 2355 eise
1231 2295 1302 2382 pn-

310 2442 335 2481 „
360 2405 498 2467 tantur
516 2425 527 2488 3
551 2377 649 2465 sicut
670 2379 875 2490 cujusdam
894 2387 1115 2500 Quiriti&
1140 2383 1301 2502 Juiitae,

310 2555 334 2595 „
359 2493 458 2588 sicut
474 2493 646 2610 Georgii
660 2494 913 2610 aliorumque
927 2495 1137 2612 passiones,
1150 2523 1237 2610 quae
1251 2493 1305 2580 ab

309 2669 334 2708 „
360 2611 573 2694 Haertticis
587 2605 852 2724 perhibentur
870 2609 1111 2726 composrtae.
1128 2611 1173 2695 N
1176 2637 1220 2690 or
1240 2633 1305 2692 ta-

308 2782 334 2823 „
358 2745 453 2808 men
468 2725 564 2807 cirin
585 2721 773 2838 praedi&
791 2711 962 2809 titileia
980 2747 1120 2808 omnes
1142 2723 1305 2837 Marty.

246 2881 248 2884 ·
307 2895 333 2932 „
357 2855 419 2920 res
444 2841 485 2919 δι
503 2859 644 2920 eorum
671 2831 865 3028 {ioriosos
899 2861 1076 2952 agones,
1109 2837 1179 2950 qui
1204 2835 1305 2920 Deo

307 3007 332 3046 „
358 2951 510 3062 magis,
533 2947 655 3061 quim
707 2949 909 3030 ominibus
929 2953 1019 3032 noti
1051 2946 1140 3030 sunt
1157 3015 1169 3054 ,
1188 2949 1306 3032 omni

308 3117 331 3160 „
358 3060 578 3144 devotione
592 3079 840 3144 veneramur.
858 3095 884 3137 n
897 3057 977 3146 Ubi
989 3086 1112 3145 nemo
1128 3087 1214 3142 non
1231 3066 1306 3146 mi-

260 3234 263 3240 ·
356 3177 437 3258 rari
456 3169 581 3256 debet
595 3169 937 3284 prudentiffimam
953 3171 1105 3258 Gelafii
1120 3200 1169 3257 ac
1188 3195 1308 3258 caete-

356 3310 495 3368 rorum
531 3281 846 3402 Epissoporurn,
877 3291 947 3402 qui
982 3283 1078 3372 huic
1107 3283 1305 3372 Concilio

356 3399 558 3502 aderant,
581 3399 730 3514 agendi
756 3405 968 3488 rationem.
994 3399 1200 3514 Rejiciunt
1230 3399 1306 3486 ilia

357 3511 522 3625 quidem
543 3513 775 3626 Martyrum
795 3517 882 3596 aeta
897 3581 909 3620 ,
927 3539 1017 3628 quae
1039 3512 1103 3596 vel
1124 3512 1175 3594 ab
1200 3517 1301 3596 Hae.

357 3629 490 3710 reticis
516 3625 688 3712 confina
707 3625 895 3734 fuerant,
926 3625 992 3716 uel
1018 3651 1135 3714 erant
1154 3629 1304 3713 incerti

392 3775 504 3846 ‘'Tum.
518 3803 550 3858 4.
569 3784 659 3872 Gonu
672 3804 737 3868 pag.
757 3797 844 3860 1263.
