3018 4572
11 781 19 846 >

307 343 535 471 deciſsastrc.
551 354 721 444 Codicum
733 341 1011 464 compuribus.
1058 375 1142 470 209

191 467 319 552 nulla
336 525 348 574 ,
368 494 438 552 aut
461 468 549 554 fere
572 467 703 574 nulla,
722 471 888 552 Petrum
909 498 1032 585 opera
1054 501 1140 584 per-

205 579 290 662 fidi:
319 581 415 666 olim
436 585 649 664 immutata
669 581 819 668 fuerint
842 605 912 663 aut
939 609 1139 696 corrupta

163 697 168 721 '
196 693 337 806 ‘Qtod
361 698 455 806 quia
475 695 635 776 videtur
655 693 884 776 Custantius
901 697 944 774 in
963 699 1142 778 animum

234 806 440 920 raepopere
475 833 523 888 ac
560 803 661 887 falso
694 803 925 909 induxisse,
970 803 1140 888 demon-

204 833 397 1010 araturus
422 917 529 1022 sum,
553 941 735 1022 veterum
756 917 921 999 Petrum
943 899 1036 1000 loca
1056 939 1141 1000 non
1197 941 1200 948 '

205 1055 335 1142 pauca
356 1027 468 1134 fuisse
496 1027 593 1112 olim
620 1025 788 1110 subdole
813 1028 1053 1113 adulterata.
1081 1031 1140 1114 Ae

206 1140 350 1255 quibua
372 1141 477 1224 istud
504 1139 676 1248 conficio
700 1146 971 1255 argumentis,
1000 1139 1140 1225 iisdem

205 1257 417 1368 operiam,
450 1257 615 1364 quinam
643 1251 757 1363 hujus
787 1249 961 1368 perfidia
990 1253 1141 1338 fuerint
1275 1339 1277 1344 .

204 1370 396 1448 auctores.
419 1365 589 1470 Certum
607 1363 663 1446 est
683 1369 790 1446 enim
811 1369 1044 1472 Sanctorum
1064 1369 1142 1450 Pu

204 1490 316 1558 trum
334 1474 458 1557 libros
476 1474 528 1558 ab
546 1479 756 1560 Haereticis
771 1477 1013 1592 potiffimitm
1028 1465 1139 1586 fuiffe

205 1585 484 1670 adulterator:
518 1617 762 1705 quamquam
793 1595 961 1676 Rivetus
990 1589 1138 1703 aliique

206 1699 466 1808 Heterodoxi
481 1700 688 1807 homines,
705 1706 829 1784 totius
839 1700 930 1782 facti
945 1700 1138 1800 invidiam

206 1801 500 1917 inMonachos‚
513 1837 635 1926 atque
654 1812 758 1894 adeo
774 1816 817 1893 in
828 1797 1065 1916 Catholico's
1082 1809 1142 1924 so.

205 1917 266 2003 lot
285 1925 449 2033 rejicere
464 1929 601 2006 conati
618 1921 717 2005 sunt.
734 1927 847 2032 N'am
860 1947 906 2006 ut
917 1922 1139 2009 decoeterir

204 2057 393 2142 taceam,
421 2033 605 2120 Andreas
622 2036 790 2120 Rivetur
818 2039 859 2118 in
883 2031 1075 2120 Tradatu
1095 2040 1139 2120 dr

201 2147 363 2233 Panum
387 2151 627 2254 aridorum,
659 2174 779 2260 quem
807 2170 980 2261 quatuor
1007 2153 1140 2234 couci

192 2260 294 2375 sttcri
316 2257 427 2344 libris
443 2257 630 2376 praefixit:
659 2297 683 2334 u
701 2259 815 2371 Quid
833 2260 857 2342 a
874 2245 1008 2344 multis
1022 2263 1135 2348 re'trd
1157 2283 1185 2337 κ

203 2371 368 2477 saecuiis,
391 2376 573 2488 inquit⁸‚
594 2399 679 2454 non
703 2369 795 2456 ausa
820 2372 876 2455 est
903 2375 1131 2481 Monacho.
1157 2405 1185 2462 τι,
1247 2438 1251 2446 ·

199 2513 289 2568 rum
308 2484 497 2591 audacia,
515 2487 585 2598 qui
603 2485 698 2566 cum
718 2482 807 2592 fere
824 2481 895 2566 soli
920 2489 961 2568 in
985 2491 1133 2602 cryptis
1156 2519 1183 2570 a

200 2595 274 2681 suis
296 2601 528 2704 Sanstorum
554 2598 720 2679 Patrum
741 2593 922 2701 laborer,
948 2600 1132 2684 nondum
1156 2633 1183 2674 o

199 2705 515 2826 Typographici
539 2733 626 2818 arte
644 2705 809 2790 inventi
830 2734 943 2814 ,aut
965 2709 1131 2822 posside·
1156 2743 1182 2788 n

198 2847 314 2928 rent,
339 2849 410 2925 aut
435 2818 725 2924 describerent,
746 2843 902 2902 tantam
921 2819 990 2902 fibi
1008 2819 1131 2905 licen·
1155 2855 1182 2896 u

198 2939 298 3019 tiam
317 2931 576 3047 usurparunt,
594 2957 640 3013 ut
654 2937 720 3015 vix
731 2934 815 3044 jam
834 2938 1054 3048 reperiatur
1067 2964 1133 3017 co.
1155 2971 1182 3012 n

199 3047 280 3154 dex
297 3034 438 3160 aiiquis
452 3113 465 3151 ‚
479 3047 550 3160 qui
565 3035 705 3128 manus
723 3071 864 3154 eorum
883 3049 1057 3162 impuras
1072 3032 1129 3130 ed
1155 3081 1181 3120 u

198 3157 359 3273 fugerit.
382 3161 451 3244 De
472 3188 555 3274 quo
581 3158 665 3266 jure
680 3158 787 3242 docti
807 3161 881 3240 v'iri
897 3221 909 3258 ,
924 3158 1131 3268 renoscen.
1156 3197 1182 3238 e·

200 3270 305 3354 tibus
322 3275 364 3355 in
380 3277 540 3388 Europa
559 3273 804 3386 Linguarum
815 3279 856 3355 δι
868 3273 1130 3384 scientiarum
1155 3308 1181 3347 a·

199 3371 358 3489 studiis,
373 3371 419 3466 sae
440 3407 470 3466 'e
491 3379 697 3498 conquesti
718 3451 729 3488 ,
749 3377 845 3464 limi
863 3384 1000 3494 judicii
1019 3383 1129 3466 adhi-
1157 3421 1181 3460 n

202 3495 308 3597 bnt,
334 3413 533 3578 medeam
560 3523 724 3580 manum
746 3489 981 3582 deformatis
1000 3485 1129 3614 operi.
1154 3529 1181 3573 a

181 3595 480 3692 ‘busadhibere
500 3603 751 3693 conatisunt¹
1154 3642 1186 3717 a·

218 3765 230 3794 ⁸
245 3755 317 3838 Cep.
331 3771 373 3815 tt.
387 3763 452 3836 pag.
467 3757 511 3809 to.

946 3827 987 3914 O
