2956 4558
341 306 449 404 ,448
588 307 653 386 De
671 295 851 380 veteribus
871 305 1078 382 Haereticis

224 403 229 455 ³
364 410 508 494 dubito
529 415 625 522 quin
646 410 764 494 valde
788 415 974 523 antiquus
996 410 1054 495 fit.
1079 403 1151 494 Ait
1165 427 1183 496 ,⁸
1199 407 1295 524 qui

363 523 460 606 dem
471 524 647 638 Joannes
662 521 923 608 Mabilionius
939 520 1127 640 scriptum
1139 518 1214 606 eise
1228 552 1296 605 cn

363 635 497 726 dicem
515 635 584 748 βό
599 634 715 740 finem
733 635 861 750 saeculi
891 649 1040 745 quarti,
1059 659 1131 717 aut
1154 649 1296 720 ineunte

249 801 251 806 .
361 761 514 856 quintet
533 743 602 830 sed
615 746 720 831 istud
733 751 821 830 viro
838 747 1025 852 erudito,
1042 773 1088 830 ut
1100 749 1182 858 jam
1202 775 1292 828 mo.

361 863 453 963 nui,
466 861 618 942 excidit
632 885 704 974 per
715 863 1022 974 incogitantiam
1036 867 1076 943 &
1089 884 1290 943 errorent

360 977 612 1083 nequeenim
651 970 957 1085 otuitscriptum
969 971 1103 1056 dicere
1117 1039 1129 1076 ‚
1144 971 1216 1054 nifi
1221 971 1290 1086 sud

349 1083 464 1188 finem
474 1096 594 1193 quinti
601 999 755 1199 saculi,
770 1107 841 1166 aut
852 1097 992 1168 ineante
999 1085 1114 1197 sexto.
1126 1088 1290 1198 Quippe

360 1195 510 1277 codicis
526 1220 686 1280 aetatem
708 1195 855 1310 probat
876 1222 926 1278 ex
954 1193 1209 1309 inscriptione
1234 1194 1289 1278 ad

261 1317 273 1348 '
359 1307 510 1390 calcem
529 1307 621 1392 libri
639 1311 757 1424 primi
773 1314 815 1390 in
837 1307 1116 1390 Constantium
1134 1307 1288 1422 appofi·

360 1441 425 1523 ta,
444 1445 531 1531 quae
547 1420 607 1504 his
629 1419 757 1504 verbis
776 1419 946 1534 legitucz
967 1421 1112 1504 Contuli
1122 1434 1161 1504 in
1172 1433 1285 1502 nomi-

238 1559 248 1577 ‘
358 1559 400 1612 ne
420 1541 574 1618 Domini
590 1534 676 1647 Jefit
696 1531 828 1640 Christi
842 1555 935 1639 aput
950 1533 1103 1646 Kaficlic
1123 1537 1286 1640 constitu-

342 1665 416 1741 ,ηις
447 1674 539 1728 anno
563 1645 843 1756 quarto-decimo
871 1641 1118 1758 Traficmundi
1143 1656 1284 1759 Regis:

356 1755 569 1868 statimque
597 1753 781 1840 observat
807 1781 858 1840 ex
892 1754 1106 1838 Hoistenio
1135 1783 1285 1840 annum

356 1865 1029 1955 huncTrasamundiconvenireanno
1040 1867 1286 1980 Christiqain-

350 1984 704 2096 gentefimo-decimo
730 2019 741 2062 .·
768 1982 876 2065 unde
900 1980 1174 2095 colligendum
1204 1981 1285 2085 est,

206 2145 221 2152 κ
353 2118 561 2178 exaratum
580 2092 655 2177 effe
673 2093 857 2178 codicem
874 2097 1038 2178 ineunte
1052 2093 1191 2176 saeculo
1203 2090 1284 2175 sex-

355 2225 426 2306 to,
446 2205 474 2286 fi
497 2208 577 2315 ejus
602 2229 696 2286 aetas
723 2229 773 2286 ex
799 2204 869 2286 iila
898 2202 1155 2316 inscriptione
1183 2203 1283 2286 aesti.

353 2339 497 2396 matur.
762 2327 767 2340 '

395 2428 452 2508 At
470 2423 644 2510 debetne
663 2423 813 2508 codicis
829 2445 923 2507 aetas
935 2423 1117 2508 testimari
1131 2451 1182 2508 ex
1198 2453 1284 2508 mo-

352 2539 407 2621 do
422 2538 550 2651 relata
562 2537 841 2652 inscriptione?
859 2539 955 2620 Hoc
970 2538 1070 2621 mihi
1083 2537 1202 2621 valde
1220 2543 1281 2622 in-

349 2677 503 2738 certum
520 2652 704 2756 videtur;
753 2653 819 2732 uia
835 2655 1033 2734 incertum
1052 2649 1135 2754 est,
1156 2649 1279 2734 since-

233 2791 243 2800 ·
345 2794 391 2848 ra
406 2834 418 2871 ,
433 2792 486 2847 an
506 2760 635 2876 spuria
654 2764 699 2847 stt
716 2679 788 2846 iiia
807 2761 923 2846 inseri
952 2768 1034 2867 tio,
1052 2786 1121 2846 aut
1143 2762 1279 2877 potitis
1313 2791 1316 2798 ⁸

342 2876 411 2980 illa
425 2862 688 2990 insciiptionis
704 2902 817 2990 pars,
829 2791 1064 2989 quaefocum
1076 2884 1118 2960 δι
1128 2901 1277 2958 annum

343 2989 550 3104 designat,
570 3017 651 3100 quo
669 2987 802 3072 codex
821 2987 991 3071 collatus
1012 2990 1170 3071 dicitur.

397 3100 607 3187 Interdum
624 3104 733 3184 enim
751 3103 945 3214 contigit,
963 3125 1009 3182 ut
1022 3101 1037 3150 ¹³
1050 3099 1148 3182 mali
1163 3099 1277 3199 firia-

343 3229 375 3308 τι·
392 3213 599 3310 nebulones,
614 3239 696 3326 quo
715 3211 915 3296 veteribus
932 3211 1083 3295 chattis
1127 3215 1274 3294 retium

343 3327 570 3430 adderent,
588 3328 633 3407 iis
652 3320 766 3406 falsas
785 3348 1033 3437 apponerent
1050 3239 1272 3437 infcriptio-
1301 3397 1305 3406 .

343 3467 413 3524 nes
429 3508 440 3543 ,
459 3436 601 3556 quibus
613 3433 865 3549 antiquiffimi
883 3442 1075 3550 temporis
1091 3460 1191 3522 nota
1205 3435 1273 3519 ali.

327 3607 330 3616 ’
377 3617 470 3676 ·nt>.
498 3634 523 3688 ς.
547 3613 582 3678 te
606 3615 647 3676 te
668 3613 794 3704 diplom
843 3613 966 3675 bnan.
982 3613 1032 3678 nt.
1052 3593 1077 3690 5.'
1089 3613 1123 3678 te
1143 3615 1183 3677 te
1201 3613 1270 3698 ttpt.

338 3715 402 3778 pag·
416 3709 476 3770 356·
824 3713 888 3778 pag·
911 3711 985 3770 344.

1185 3799 1267 3885 qua
