2908 4544
279 322 383 408 eccle
396 317 507 430 rastic.
520 321 689 407 Codicum
702 325 981 428 corruptoribus.
1019 353 1075 436 49
1082 355 1101 435 5

163 443 209 522 in
229 432 454 520 excusando
472 435 726 520 Hincmaroe
747 432 899 518 Falsam
917 435 985 520 iile
1008 467 1100 521 cau.

166 547 248 631 sam
274 549 353 630 hac
375 551 418 630 in
446 547 654 630 occasione
685 545 942 652 defenderit,
968 576 1103 632 veram

168 655 484 765 Gothescalcus,
514 659 613 772 quid
639 660 734 742 inde
757 659 851 741 colli
880 664 985 744 itur?
1005 664 1104 743 Hoc

166 802 290 856 unum
307 769 479 876 scilicet,
495 797 639 885 nempe
651 689 911 857 Gothescaici
922 770 1102 856 fautores

167 885 282 968 maiis
301 883 451 967 artibus
466 882 618 967 bonam
635 882 792 966 causam
812 883 1101 1001 propugnaffe3

169 1025 292 1111 arque
309 997 483 1102 librum,
505 1023 624 1112 quem
645 995 842 1111 putabant
870 996 945 1081 effe
966 1003 1102 1111 Augu-

169 1111 260 1194 stini
279 1106 514 1194 adulterasse
526 1177 536 1214 ,
548 1134 593 1194 ut
609 1134 741 1224 partes
755 1115 931 1193 veritatis
948 1135 1105 1193 tueren-

169 1247 247 1306 tur.
269 1223 377 1304 Cum
396 1227 542 1304 veritas
569 1220 619 1305 ab
646 1222 707 1312 his
731 1219 879 1327 staret,
897 1221 1105 1307 habebant

169 1333 265 1416 sane
275 1339 318 1416 in
331 1339 495 1418 Patrum
508 1329 694 1450 operibus
712 1334 801 1415 loca
814 1334 1003 1447 plurima,
1015 1339 1103 1448 qui-

81 1464 86 1472 ’
170 1446 244 1528 bus
270 1443 516 1529 adversarios
546 1445 730 1530 refellere
799 1469 971 1530 oterant.
1000 1450 1105 1532 Haec

170 1560 266 1641 cum
288 1564 329 1640 in
343 1585 535 1674 promptu
554 1554 697 1656 effent,
709 1474 935 1642 mainerum
949 1568 1106 1645 nova&

172 1669 302 1786 spuria
321 1669 566 1755 comminisci
585 1739 596 1776 ,
617 1671 740 1785 quim
763 1670 950 1786 legitimis
973 1679 1013 1755 &
1034 1695 1103 1786 ge,

162 1789 300 1866 'nuinis
310 1783 493 1868 infistere.
507 1783 600 1898 Qui
625 1782 800 1898 ipsorum
812 1781 979 1897 perfidi&
1006 1785 1107 1865 veri-

170 1917 233 1977 tas
261 1895 407 2002 causae,
427 1925 547 2008 quam
574 1924 704 2010 propu
733 1895 911 1999 nubant,
936 1924 1019 1977 non
1050 1894 1107 1979 est

172 2005 439 2113 labefaoata,
461 2005 529 2088 sed
544 1925 770 2123 perversiim
791 2005 1107 2090 fraudulentum-

174 2147 254 2234 que
277 2115 448 2234 ipsorum
469 2124 672 2236 ingenium
700 2119 756 2203 est
784 2117 1079 2202 manifestatum
1094 2149 1113 2202 r

172 2257 295 2346 atque
316 2237 374 2317 ita
392 2237 619 2350 praemoniti
636 2233 723 2316 sunt
740 2233 915 2339 Posteri,
930 2257 975 2314 ut
989 2231 1041 2315 ab
1063 2237 1109 2316 iis

141 2427 143 2431 .
174 2345 246 2428 fibi
266 2371 455 2432 caverent
475 2345 706 2450 codicibus,
732 2375 831 2458 quos
857 2343 1001 2461 perfidi
1032 2345 1107 2426 ho.

173 2461 301 2540 mines
332 2465 624 2573 pertradiarunt
656 2483 780 2568 atque
811 2455 1108 2650 exscrifserunt.

176 2568 234 2651 At
264 2595 313 2651 ue
344 2571 430 2653 haec
458 2578 500 2652 in
524 2567 772 2683 ,antecessum
800 2569 904 2650 dista
946 2593 1033 2674 int,
1060 2595 1111 2651 ne

176 2597 329 2762 ruiium
364 2681 592 2764 Custantius
629 2677 785 2761 dimissi
811 2679 957 2786 causi,
989 2705 1142 2791 quam.

176 2796 330 2910 agimus
348 2789 403 2878 a'd
423 2794 502 2878 alia
527 2792 714 2877 divertat.

583 3119 699 3336 ur·

614 3344 674 3472 e
