3012 4574
342 335 569 448 Ecclefiastic.
587 333 756 416 Codicum
774 331 1052 435 corruptoribus.
1093 359 1172 442 307
1190 437 1193 444 1

234 451 328 532 bros
357 449 439 531 hoc
466 445 720 560 Pamphilum
747 440 941 558 scripfiffe.
978 447 1091 557 Quid
1113 445 1172 529 fa.
1196 495 1221 534 ιι
1305 509 1308 514 ,

236 566 315 642 cies
334 585 346 642 t
372 565 429 644 Eo
453 557 557 642 libro
571 585 691 672 quem
708 553 777 640 sub
796 561 962 638 nomine
985 565 1175 673 Martyris
1197 609 1223 645 ιι

236 671 413 777 edidisti,
436 671 652 755 vulneratae
672 669 761 753 sunt
784 672 1037 758 conicientiae
1058 673 1178 787 pluri·
1199 723 1225 759 ιι

236 815 487 870 morum...
517 785 664 870 Melius
694 783 749 868 est
780 807 820 864 te
855 786 1055 897 poenitere
1085 784 1178 868 fatri
1200 835 1225 872 ιι

237 903 317 1004 tui,
338 899 459 1012 quim
472 906 512 982 ὃ(
532 903 760 1008 Martyrem
779 899 821 976 iu
841 895 1042 979 calumnia
1058 907 1099 983 ὅ(
1113 899 1180 981 de·
1201 947 1226 987 ιι

117 1073 120 1086 ,
239 1038 379 1126 ceptor
393 1016 435 1096 in
459 1037 597 1094 errore
618 1008 831 1124 periistere.
1202 1059 1227 1098 ιι

232 1155 239 1170 ·
292 1129 423 1238 Igitur
443 1124 540 1204 cum
558 1149 712 1204 certum
733 1121 780 1204 fit
791 1123 1049 1238 Pamphilum
1067 1127 1182 1208 Mar-

242 1262 375 1350 tyrem
397 1250 538 1342 proprii
563 1250 674 1342 operis
702 1234 798 1318 nihil
830 1250 966 1320 omnino
990 1237 1183 1351 scripstffi,

218 1347 583 1459 ,exceptofsrpistuu
604 1373 618 1434 5
641 1350 729 1460 quis
752 1377 843 1429 non·
855 1345 999 1432 sentiat
1020 1349 1184 1434 falso&

240 1460 492 1546 mendaoiter
508 1460 617 1574 ipsri
639 1459 789 1546 Rufino
811 1461 1049 1545 attributam
1071 1459 1183 1546 fuiffe

200 1629 202 1636 ·
242 1572 486 1688 Apologiam
516 1603 590 1686 pro
617 1575 828 1687 Origene?
866 1579 917 1659 Et
938 1575 1037 1659 veri>
1061 1575 1184 1660 siali-

274 1703 366 1768 ua'm
380 1689 656 1802 pro‘Origene
678 1687 924 1799 Apologiam
944 1683 1184 1803 composuis-

243 1715 300 1882 βπ
327 1798 583 1916 Pamphilus,
607 1826 683 1880 nec
706 1799 810 1880 istud
834 1795 1186 1914 ignoraffetAEuse-
1305 1851 1308 1860 ·

245 1909 329 1993 bius
350 1915 432 2024 ejus
464 1909 790 1992 contubernalis:
815 1938 891 1994 nec
919 1911 946 1992 sr
977 1913 1187 2026 cognovis-

243 2021 322 2129 set,
346 2015 610 2106 diffimulaffet
637 2020 845 2136 profeeiir3
882 2023 977 2105 ciun
1008 2025 1074 2107 iua
1103 2055 1189 2111 non

244 2140 358 2248 parvi
381 2131 583 2218 intetesset
611 2131 732 2216 causae
756 2138 1042 2251 origenianae,
1095 2169 1189 2224 uam

245 2247 458 2352 tuebatur,
479 2240 710 2330 assertorem
728 2247 880 2332 habere
896 2275 979 2333 tom
997 2169 1190 2339 illuiirrm

119 2371 124 2379 '
247 2367 487 2475 Martyrem.
523 2362 652 2472 Atqui
680 2385 818 2444 tamen
845 2361 992 2448 diserte
1016 2367 1190 2453 affirmat

246 2474 503 2589 Pamphilum
519 2486 657 2579 proprii
677 2489 789 2579 operis
813 2476 1063 2564 nihilomnino
1078 2483 1191 2594 scrip-

237 2587 339 2702 stffr,
364 2602 520 2694 exceptio
538 2585 727 2690 Epistola
755 2616 849 2694 quas
867 2593 921 2670 ad
943 2607 1076 2674 amicos
1092 2596 1193 2696 forti

246 2700 449 2796 mittebat,
479 2696 650 2782 &istud
678 2696 851 2784 affirmat
883 2704 1083 2811 Pamphilo
1106 2714 1194 2812 jum
1332 2769 1341 2786 .

248 2825 421 2926 martyrio
439 2834 610 2894 coronato.

275 2939 278 2942 ’
308 2961 339 3008 2.
359 2929 509 3037 Neque
524 2919 621 3026 veri)
636 2923 833 3007 incertum
846 2923 924 3032 est,
941 2929 1049 3042 cujus
1064 2938 1195 3016 austo-

252 3043 304 3121 ris
324 3039 444 3121 fuerit
464 3065 562 3151 opus
579 3033 702 3142 illud,
719 3042 783 3120 cui
804 3037 972 3122 Rufinus
994 3046 1196 3160 Pamphili

251 3156 445 3266 Martyris
458 3177 607 3232 nomen
624 3147 725 3233 falso
739 3151 1000 3267 inscripserat.
1025 3163 1121 3243 Erat
1140 3167 1195 3276 ip.

253 3263 326 3346 frus
360 3262 513 3364 Eusebii
545 3261 789 3346 Caesarieniis
818 3265 1032 3382 Episcopi,
1074 3301 1195 3386 quem

251 3376 375 3459 libror
399 3376 463 3460 sex
497 3375 689 3476 Aurinia
716 3375 798 3486 tin-ip
824 3371 994 3484 Qpr'rur
1028 3413 1196 3502 compo-

254 3485 361 3575 suffe
378 3517 498 3572 nemo
513 3497 686 3606 ignorat.
717 3493 887 3579 Rufinus
908 3525 1006 3613 ergo
1028 3500 1122 3582 ciun
1147 3508 1198 3586 vi-

255 3606 370 3686 deret
390 3600 544 3687 Eusebii
568 3634 718 3690 nomen
741 3609 848 3688 male
875 3612 983 3725 opud
1012 3613 1198 3698 Catholi-

257 3747 324 3798 cor
343 3717 504 3824 audire,
529 3725 702 3834 primum
723 3748 772 3802 ex
797 3719 905 3804 libris
927 3721 990 3807 sex
1017 3725 1197 3830 Eusebia-

962 3844 1043 3950 vij
