3012 4574
166 341 191 457 J
284 439 288 448 ,
320 345 547 542 Ecclpfastic.
564 347 735 430 Codicum
750 347 1027 451 Comptoribus.
1069 353 1147 456 367

212 481 308 572 gat,
330 468 371 543 δι
412 456 534 542 alsata
561 457 732 573 pristinae
749 461 927 540 veritatis
948 461 1146 544 honestati
1173 503 1199 540 ιι

173 629 178 640 ,
212 571 405 656 restituat.
437 572 520 654 Aut
534 577 640 655 enim
659 569 760 684 justa
778 568 941 653 fuerunt
964 603 1050 686 quae
1072 579 1146 654 mi·
1174 617 1200 652 ιι

214 683 352 793 simus,
385 686 517 800 sicque
553 683 845 796 consequenter
884 692 1065 798 oportuit
1101 713 1149 769 ea
1175 728 1201 764 ιι

214 793 379 882 servari:
399 816 469 882 aut
482 797 507 880 ss
517 797 617 909 justa
628 821 770 912 putata
785 822 869 878 non
883 795 994 904 sunt,
1012 801 1053 879 in
1067 827 1148 910 qno
1176 839 1200 878 ιι

213 909 313 1020 justa
329 939 413 994 non
437 909 610 1016 fuerint,
636 923 708 1025 per
729 907 839 992 aliud
862 907 999 993 saltem
1031 905 1147 1024 scrip.
1176 953 1201 990 ιι

213 1046 300 1106 tum
328 1029 500 1139 exponi,
520 1021 583 1106 vel
608 1022 724 1104 nobis
751 1019 912 1128 referti,
938 1031 979 1108 ὃ(
999 1021 1150 1105 summi
1176 1065 1202 1102 ιι

214 1142 373 1219 ratione
415 1135 640 1219 debuerant
670 1151 855 1250 patenter
891 1135 1059 1222 ostendi.
1101 1140 1149 1220 In
1177 1177 1202 1216 ιι

214 1249 328 1332 nullo
349 1273 487 1331 tamen
505 1248 652 1329 horum
675 1252 855 1361 oportuit
870 1273 918 1332 ea
936 1249 999 1332 rel
1017 1249 1150 1334 Eccle-
1178 1289 1203 1329 ιι

215 1359 335 1467 fiam,
359 1387 447 1475 quae
474 1387 497 1441 a
526 1361 581 1441 ud
610 1389 680 1442 vos
708 1360 786 1466 est,
818 1365 1052 1479 cognitione
1074 1367 1148 1476 pri.
1177 1403 1203 1443 ιι
1295 1431 1299 1450 ι

215 1499 347 1577 vare,
378 1471 442 1556 vel
480 1388 613 1586 aiiqud
647 1473 828 1556 falfitatis
862 1479 1150 1589 depravatione
1177 1515 1203 1554 ιι
1304 1561 1310 1578 ,

214 1582 404 1669 fraudari.
435 1587 565 1672 Porro
581 1585 608 1668 st
623 1611 699 1670 tuae
713 1583 1029 1674 Mansuetudinis
1049 1586 1152 1702 post·
1178 1629 1203 1667 ιι
1262 1647 1272 1656 -

212 1698 340 1812 pofitd
360 1700 504 1782 notitia
523 1699 603 1779 hoc
625 1704 801 1782 immane
811 1695 1061 1891 sacrilegium
1083 1725 1149 1812 ge·
1178 1742 1204 1782 ιι

214 1809 316 1894 stum
336 1809 393 1896 est
409 1859 420 1919 5
435 1811 694 1894 nihilominus
711 1811 906 1892 immensi
923 1837 946 1892 a
978 1815 1153 1893 miratio·
1179 1855 1205 1893 ιι

213 1949 267 2003 ne
286 1923 492 2030 ducimur,
513 1930 554 2006 ὅ(
572 1927 669 2036 quia
686 1947 845 2006 tantum
866 1925 1083 2036 Imperium
1106 1921 1152 2005 il.
1179 1966 1205 2004 ιι

214 2031 301 2116 ludi
321 2040 479 2152 potuit,
512 2041 552 2119 Gt
579 2060 736 2116 tantam
763 2019 947 2118 fr'aude‘m
976 2036 1153 2152 per-fitne
1177 2077 1204 2118 ιι
1242 2067 1247 2080 ·

212 2148 300 2258 jure
337 2145 531 2233 dolemus.
574 2149 766 2261 Denique
794 2141 1152 2264 sacrilegium-non
1178 2191 1205 2231 ιι

213 2261 419 2344 immeritd
453 2247 686 2345 commifisse
725 2260 919 2344 dicendus
952 2260 1041 2370 est,
1082 2266 1152 2377 qni
1179 2305 1205 2344 ιι

215 2370 360 2489 scripta
376 2378 535 2489 pietatis
554 2373 910 2486 Fidelium,atqut
931 2379 985 2490 pii
997 2377 1150 2460 Princr.
1179 2418 1205 2464 ιι
1327 2373 1331 2382 ’
1445 2357 1451 2367 ’

216 2493 275 2598 pis
294 2493 453 2569 notioni
468 2487 532 2569 vol
557 2485 762 2593 subducit,
787 2487 888 2572 velud
905 2483 960 2569 sui
983 2493 1152 2572 veritate
1179 2531 1205 2572 ιι

217 2593 474 2701 submovens,
503 2597 734 2700 veiamento
757 2599 1041 2714 praestigiorum
1065 2601 1151 2681 suo.
1180 2603 1205 2685 ι“ι

216 2737 306 2792 rum
336 2709 558 2794 obnubilat.
596 2714 888 2795 Verumtamen
919 2734 1019 2815 nos,
1051 2741 1150 2826 quo·
1178 2758 1205 2797 ιι

217 2819 519 2934 modocumque
565 2821 727 2904 falsitati
767 2822 831 2906 vel
871 2823 1153 2938 depravationi
1180 2871 1205 2911 ιι

219 2933 361 3017 eadem
382 2932 430 3016 fit
460 2933 633 3048 Epistola
652 2931 859 3039 samnitia,
875 2961 1019 3130 1grates
1042 2937 1150 3020 innu'-
1180 2985 1204 3024 ιι
1223 2955 1225 2958 ’

220 3073 350 3129 meras
377 3053 531 3164 agimus
553 3049 674 3154 Deo,
700 3050 809 3160 cujus
831 3053 872 3131 in
889 3055 1089 3164 piratione
1112 3053 1153 3136 ἃ
1179 3098 1205 3139 ιι

211 3158 452 3270 ‘fidoliaejus
480 3163 724 3277 exemplaria
740 3181 861 3278 penes
888 3181 962 3246 not
987 3169 1151 3247 retinui·
1179 3215 1204 3252 ιι

218 3298 328 3378 mus,
362 3283 402 3357 δι
426 3277 534 3384 cujus
555 3275 739 3390 pprmissu
759 3344 770 3380 ‚
792 3279 859 3389 qui
883 3277 969 3358 hac
996 3277 1060 3360 rel
1082 3275 1151 3358 au‘-
1178 3325 1203 3364 ιι

218 3386 443 3469 thenticam
461 3385 591 3504 ipsam·
608 3385 792 3504 stripseoe
813 3457 825 3492 ,
848 3385 1037 3504 supereffe
1062 3389 1151 3473 nufi-
1179 3441 1203 3478 ιι

221 3520 382 3580 cuntnn
524 3519 529 3539 ⁸
582 3525 584 3533 ’
850 3535 854 3546 ’
1179 3551 1205 3590 tt

274 3613 481 3696 Hactenus
505 3615 724 3719 Nicolaus‚
755 3620 822 3726 qui
852 3615 1016 3725 'quidem
1045 3613 1153 3698 Pho-

217 3728 327 3838 tium,
337 3725 451 3838 hujus
472 3723 624 3811 sceleris
645 3727 917 3815 Architedum
940 3723 1050 3811 fuiffe
1072 3755 1155 3809 non
