3020 4564
396 333 451 430 84
518 379 521 384 ·
608 331 673 412 De
692 323 873 408 ventilas
893 331 1103 430 Hernicis

341 463 371 506 o
393 433 621 551 adfingere,
640 441 705 519 cui
722 435 833 520 nefas
852 465 936 518 non
951 433 1027 520 fuit
1039 437 1165 552 ipsum
1181 463 1324 554 corpus

345 579 373 618 ’ν
393 573 584 634 evertere.
600 587 625 624 υ
660 549 802 631 Postea
827 548 984 653 refert,
1012 579 1094 662 quo
1130 574 1324 664 praetextu

392 658 479 744 usus
511 664 697 744 Marcion
723 659 826 742 istud
855 657 976 744 scelus
1004 667 1255 768 attentavit,
1279 685 1325 744 ut

390 772 653 888 Evangelium
681 770 900 856 secundum
931 775 1083 855 Lucam
1119 773 1323 856 mutilaret

390 909 516 998 atque
534 909 744 968 everteret.
771 887 937 994 Nempe
955 888 1010 966 im
1040 914 1131 968 urus
1154 882 1323 996 Aposta'·

345 1016 372 1058 ²2
392 1021 461 1100 ta,
478 1000 611 1108 inquit
631 1011 660 1101 ²,
676 1033 702 1073 a
718 999 852 1080 nanus
880 913 1096 1110 Epistolam
1127 995 1240 1080 Pauli
1270 994 1324 1078 ad

346 1129 372 1168 ²³
396 1107 636 1190 Galatas...
654 1170 664 1190 .
693 1107 910 1190 accusantis
938 1103 1324 1222 pseudo-Apostolos

346 1239 373 1278 ‘²
393 1215 589 1332 quosdam
606 1242 878 1332 pervertentes
890 1219 1150 1334 Evangelium
1164 1217 1327 1322 Christi,

347 1353 374 1393 ‘²
396 1333 619 1412 connititur
643 1331 695 1412 ad
715 1329 998 1414 destruendum
1021 1331 1168 1414 statum
1185 1358 1327 1414 eorum

349 1465 375 1504 ”
397 1442 727 1555 Evangeliorum,
774 1471 831 1523 uae
846 1447 1009 1555 propria
1023 1451 1063 1527 δι
1076 1440 1145 1527 sub
1161 1443 1330 1558 Aposto-

349 1576 375 1614 ”
395 1553 529 1636 lorum
545 1558 708 1638 nomine
725 1469 922 1656 eduntur,
942 1553 1006 1636 vel
1022 1559 1146 1638 etiam
1161 1554 1330 1668 Aposto-

224 1711 227 1730 =
348 1687 374 1727 ’⁸
397 1665 613 1748 neotum„
630 1667 692 1748 Ac
731 1663 914 1777 ostquam
930 1663 1217 1748 demonstravit
1234 1669 1332 1748 Pau-

396 1777 426 1860 li
444 1775 566 1862 verba
577 1805 661 1860 non
676 1692 750 1862 ele
765 1775 966 1861 intelleda
981 1773 1006 1858 a
1024 1778 1256 1880 Marcione,
1275 1781 1332 1890 ip-

398 1888 549 2002 sausque
568 1889 773 1973 stultitiam
819 1887 969 1972 loribus
992 1889 1198 2003 redarguit
1221 1925 1231 1970 ε
1256 1891 1332 1968 im-

427 2001 619 2083 udentem
645 2005 766 2084 Haere
784 2001 962 2084 ratcham
984 1999 1044 2082 his
1061 1997 1219 2116 sugillat
1241 2027 1330 2082 ver-

351 2149 378 2190 »
399 2027 461 2194 lis
473 2113 519 2196 ⁴&
540 2111 645 2193 ridet
660 2113 687 2194 ¹³.
703 2113 989 2194 “Emendator
1008 2113 1213 2226 Evangelii
1231 2111 1334 2193 iTi-

352 2259 379 2301 o
402 2222 572 2308 berionis
602 2219 723 2334 usque
756 2221 808 2304 ad
843 2223 1117 2306 Antoniniana
1147 2246 1332 2336 tempora

352 2369 379 2412 o
401 2334 548 2439 eversr,
578 2338 767 2417 Marcion
788 2329 890 2416 solus
914 2338 1119 2447 &primus
1142 2332 1332 2437 obvenit,

343 2475 381 2523 'o
401 2451 630 2562 expatiatus
657 2446 812 2530 tamdiu
849 2446 873 2528 a
912 2444 1073 2530 Christo
1110 2450 1334 2562 poenitente

356 2596 382 2635 o
402 2563 509 2672 jana,
535 2559 647 2672 quod
668 2561 706 2640 A
735 2556 883 2642 ostolos
899 2554 1117 2672 praemisrlse
1131 2555 1334 2675 properas-

357 2706 383 2748 υ
407 2668 465 2755 set
481 2672 560 2757 sme
584 2587 763 2786 praesrdio
784 2675 1028 2758 Marcionis:
1048 2669 1119 2754 nist
1138 2672 1250 2784 quod
1267 2669 1340 2751 hu-

358 2817 385 2861 n
409 2811 537 2868 manae
563 2788 819 2889 temeritatis,
853 2811 937 2866 non
962 2781 1104 2866 divinae
1125 2786 1337 2866 austerita-

358 2931 385 2971 ν»
408 2902 460 2982 tis
484 2925 534 2992 ne
564 2899 691 2980 otium
715 2896 771 2979 est
791 2895 968 3000 haeresrs,
997 2925 1083 3008 quae
1110 2894 1162 2977 fic
1186 2890 1339 3006 semper

361 3042 388 3086 o
410 2925 601 3100 emendat
616 3009 853 3124 Evangelia,
872 3007 970 3091 dum
981 3013 1106 3091 vitiat.

467 3127 617 3236 Neque
643 3119 740 3206 vero
767 3125 985 3206 Marcionis
1015 3119 1340 3222 emendationes,

412 3239 478 3323 seu
500 3233 631 3318 verilis
658 3236 963 3348 depravationes
981 3236 1112 3347 primo
1127 3229 1258 3312 statim
1280 3232 1341 3341 ip-

412 3351 485 3433 lius
500 3371 648 3446 conatu
661 3372 799 3430 omnes
811 3345 1058 3459 prodierunt.
1089 3345 1200 3426 Nam
1216 3349 1256 3426 ὃ(
1271 3339 1344 3422 dis-

415 3461 536 3578 cipuli
556 3461 658 3570 ejus,
680 3483 726 3542 ut
744 3457 868 3544 habet
884 3457 994 3542 idem
1011 3453 1283 3540 Tertullianus
1302 3471 1341 3555 ⁶,

435 3668 447 3695 ¹
462 3653 620 3748 Ibiduutn.
633 3672 658 3726 3·
671 3669 736 3733 pag.
748 3667 811 3721 503.
875 3653 887 3804 Ι
925 3645 1016 3713 ‘ibid
1031 3670 1055 3708 n·
1068 3665 1090 3719 ς.
1106 3668 1170 3732 pag.
1180 3654 1243 3719 506.

435 3734 450 3775 ὓ
465 3735 537 3798 thid.
549 3755 626 3795 nnm-
638 3752 667 3799 4·
679 3749 743 3813 pag.
758 3744 817 3802 505.
