2956 4558
196 202 208 232 Ε

161 301 167 340 p
322 265 410 346 440
535 247 600 324 De
624 239 803 320 veteribus
821 249 1028 325 Haeretin‘s

323 351 518 432 saltemac
529 349 635 433 felici
648 354 873 463 conjetiura
883 353 1114 436 consecutus
1124 349 1255 438 fuerit.

378 463 449 547 Ait
473 459 566 568 ille,
586 487 801 577 utrumque
824 463 1008 548 codicem
1025 463 1188 548 Aletini
1208 461 1255 558 (b

323 574 458 660 Felicis
482 597 628 656 aetatem
644 577 844 689 ficperare:
873 601 1087 687 utrumque
1112 599 1192 682 pra·
1211 575 1254 686 se

152 733 159 740 -
247 757 250 762 .
313 685 414 786 ferre
438 715 548 768 annos
567 699 708 768 circiter
730 691 836 770 mille.
857 689 957 770 Peto
980 691 1125 802 igitur,
1143 684 1253 770 unde

323 798 365 878 id
382 796 718 910 hauserit5quave
738 800 963 910 conjesturi
980 805 1091 884 nixus
1112 796 1251 880 ambo-

323 937 412 991 rum
436 909 623 992 codicum
640 935 799 994 aetatem
819 910 871 995 stc
891 908 1066 994 definiat.
1086 913 1251 1021 Nempe

319 1044 466 1130 uterque
484 1023 643 1134 scriptia
671 1027 745 1129 est,
765 1026 896 1133 inquit
911 1039 925 1072 ²
941 1089 953 1128 ‚
971 1034 1171 1124 Romanis,
1201 1019 1249 1116 ὠ·
1322 1055 1325 1058 ·

321 1156 365 1211 ut
391 1157 553 1230 vocant,
576 1134 777 1216 uncialibus
801 1135 943 1224 lineri.
970 1137 1070 1218 Inde
1097 1132 1250 1246 colligit

144 1267 149 1274 “
252 1317 254 1326 ,
322 1248 383 1328 vir
408 1244 585 1328 eruditus
605 1270 820 1359 utrumque
851 1244 1038 1360 scriptum
1067 1233 1148 1332 esse
1165 1267 1251 1326 anto

321 1356 447 1440 Caroli
455 1371 602 1471 Magni
610 1381 788 1463 temporat
801 1380 1014 1470 utrumque
1025 1356 1153 1440 babere
1161 1381 1251 1438 aeta-

227 1547 233 1556 ,
307 1465 391 1548 ⁴tem
400 1467 559 1552 Alcuino
570 1467 617 1565 &e
627 1467 749 1554 Felice
755 1469 990 1581 ficperiorem:
1005 1469 1158 1552 idcirco
1169 1473 1246 1572 ait,

317 1580 440 1665 ambos
453 1602 530 1686 pne
542 1579 585 1693 ſs
589 1582 690 1682 ferre
700 1609 810 1662 annos
830 1585 1102 1664 conterminis
1125 1604 1247 1692 atque

318 1692 423 1775 adeo
441 1714 624 1776 exaratos
640 1685 736 1797 esse,
753 1692 817 1774 vel
835 1696 942 1790 eirca
958 1691 1078 1774 finem
1094 1689 1250 1804 septimi

289 1896 294 1908 ¹
318 1801 471 1908 saecuii,
488 1803 552 1886 vel
571 1808 677 1887 circa
696 1807 853 1886 initium
870 1809 998 1886 octavi
1018 1851 1030 1910 3
1055 1803 1249 1918 siquidem

317 1915 368 1999 ab
382 1921 510 2000 obtati
524 1916 650 1998 saeculi
671 1921 785 1999 initio
798 1916 851 1998 ad
866 1915 999 2002 nostra
1011 1913 1132 2030 usque
1149 1937 1248 2003 tem-

264 2025 268 2042 ’
316 2057 418 2144 pora
434 2054 696 2120 numerantur
720 2031 816 2111 anni
839 2032 1006 2112 omnino
1032 2028 1151 2114 mille.

373 2143 430 2224 At
452 2140 588 2223 videat
606 2140 727 2254 quim
756 2167 896 2255 parum
920 2145 1025 2222 inter
1054 2169 1127 2224 nos
1152 2167 1248 2220 eon-

318 2257 462 2335 venite.
480 2255 593 2364 Qua
618 2252 778 2335 codices
801 2249 861 2332 isti
888 2255 1150 2335 Romanas&
1171 2271 1244 2332 un-

317 2363 435 2456 ciales
448 2363 601 2448 litteras
614 2362 808 2448 exhibent
823 2429 834 2465 ,
851 2361 1003 2443 idcirco
1021 2359 1247 2448 Custantius
1311 2377 1316 2386 '

317 2479 374 2557 ait
392 2475 506 2580 illos,
525 2499 594 2560 aut
613 2474 682 2558 sub
703 2475 822 2558 finem
842 2470 995 2588 septimi
1014 2469 1140 2558 saeculi
1152 2541 1164 2577 ,
1178 2498 1249 2558 aut

317 2585 386 2670 sub
403 2591 558 2673 initium
578 2593 707 2678 onan
728 2583 803 2672 eise
823 2611 1029 2676 exaratos:
1046 2613 1122 2700 ego
1142 2586 1249 2668 banc

318 2701 491 2786 eandem
515 2699 568 2784 ob
595 2699 753 2787 causam
776 2726 882 2813 nego
913 2697 974 2782 his
1000 2697 1247 2814 temporibus
1329 2691 1340 2708 ’

319 2812 399 2895 dici
413 2811 525 2927 posse
542 2817 737 2896 exaraton
761 2817 884 2920 Ratio
904 2816 948 2894 in
968 2835 1160 2925 promptu
1179 2808 1248 2900 est.

320 2924 495 3010 Codices
537 2927 732 3010 Romanis
772 2921 1070 3114 uncialibuspue
1106 2921 1248 3005 litteris

81 3061 83 3073 ·
185 3109 186 3114 i
318 3041 496 3140 exarati,
515 3037 594 3119 dici
614 3036 766 3119 debent
783 3035 830 3118 ei
847 3057 965 3122 aetate
999 3036 1116 3147 cripti
1135 3101 1147 3138 ‚
1169 3033 1250 3146 qui

317 3147 390 3236 ista
406 3147 604 3233 scribendi
627 3145 760 3232 forma
779 3145 855 3229 suit
872 3150 913 3226 in
929 3139 997 3227 usu
1019 3149 1246 3249 communi,

317 3289 402 3344 non
419 3259 515 3366 illi,
535 3261 614 3374 qui
637 3257 812 3344 maxime
838 3255 941 3340 istud
965 3252 1164 3371 scriptutae
1182 3283 1247 3371 ge-

271 3403 273 3412 ’
317 3403 391 3456 nus
408 3371 669 3456 obsoleverat.
690 3371 816 3484 Atqui
837 3365 922 3452 usus
947 3368 1144 3452 scribendi
1165 3373 1248 3456 Ro.

196 3491 198 3496 ’
278 3531 281 3536 ·
318 3490 445 3574 manis
470 3481 749 3578 &uncialibus
772 3482 915 3570 litteris
939 3485 1048 3575 circa
1069 3480 1247 3576 medium

211 3721 215 3730 Ι
336 3631 434 3693 'ibici-
446 3650 509 3730 pig.
525 3641 571 3705 σς.
662 3664 666 3671 ·

126 557 222 622 p.
