3012 4574
389 371 471 451 274
612 351 676 428 De
694 340 876 422 veteribus
895 349 951 424 H
951 349 1103 428 aeretict‘s

339 477 366 517 ”
387 457 548 559 Deum,
565 453 756 537 adversus
774 455 1004 568 proximum
1024 453 1322 542 suumtellimo-

339 589 365 631 ²³
387 571 498 650 nium
528 565 670 652 falsum
697 564 856 672 dicens,
883 566 947 651 vel
978 567 1204 654 dicentibus
1237 595 1322 654 cre-

339 703 365 742 ”
389 679 500 764 dens.

443 791 536 874 Alia
566 815 760 907 praeterea
784 789 863 874 fuit
886 789 1062 904 ejusdem
1090 791 1326 876 Adamantii

385 907 417 990 E
446 903 583 1009 istola,
601 907 643 988 in
662 904 761 1018 qud,
781 903 932 990 Rufino
947 905 1044 991 teste
1056 923 1093 1010 ²,
1104 907 1262 1019 fimilem
1281 907 1325 987 de

384 931 554 1098 ltlrorum
571 1017 717 1132 ficorum
733 1017 906 1130 falsttate
933 1031 1191 1128 querimoniam
1220 1016 1326 1100 insti.

386 1127 539 1231 tuebat.
566 1135 678 1226 Cujus
696 1129 863 1238 Epssolae
877 1129 1082 1240 amplat,
1098 1133 1231 1245 inquit
1242 1133 1325 1216 Ru.

386 1239 487 1324 finus
498 1244 537 1349 ¹³,
558 1255 597 1326 in
604 1244 772 1362 praestnti
784 1271 851 1327 non
869 1241 1006 1326 habui:
1026 1257 1195 1326 aretiam
1212 1243 1325 1356 ipfius

384 1345 618 1464 testimonium
634 1355 692 1438 ba
707 1377 774 1463 pro
789 1357 870 1462 fide
892 1370 1064 1440 veritate&
1086 1358 1323 1472 adjungerem.

384 1469 524 1582 Atque
541 1467 618 1548 hac
633 1461 794 1582 fortalle
809 1473 852 1548 in
869 1468 1045 1582 Epistola
1059 1469 1325 1558 Adamantius

384 1604 492 1662 nova
511 1573 691 1662 falfitatis
709 1579 895 1693 exempla
911 1579 1158 1693 proferebat.
1196 1581 1323 1666 Certe

383 1690 537 1776 sanetus
547 1695 824 1807 Hieronymus
841 1719 925 1774 non
943 1717 1067 1808 negat
1082 1692 1154 1777 has
1165 1699 1208 1777 in
1219 1720 1324 1800 utra-

385 1830 464 1916 que
492 1803 666 1920 Epistola
700 1804 840 1888 ha'beri
902 1809 1165 1912 uerimonias,
1193 1827 1326 1920 neque

386 1918 611 2032 Origenem
632 1918 775 2031 injuste
795 1927 836 2004 &
849 1835 952 2001 fdlsd
967 1917 1230 2034 conquestum
1250 1915 1326 2003 effe

384 2034 464 2111 ait:
496 2030 562 2112 sed
583 2032 798 2132 contendit
822 2057 906 2114 non
926 2032 1080 2116 idcirco
1105 2032 1155 2114 ab
1175 2047 1326 2144 Origene

382 2153 492 2258 argui
516 2139 722 2224 hereticam
737 2142 947 2254 fhlsitatem
967 2158 1007 2228 in
1026 2159 1165 2227 caeteris
1179 2145 1260 2255 ficit
1279 2141 1325 2220 li-

384 2253 467 2335 bris.
684 2323 686 2328 .

443 2367 572 2482 Igitur
589 2361 739 2478 duplex
757 2359 838 2444 hoc
848 2365 891 2444 in
909 2361 1003 2445 loco
1022 2369 1179 2451 moveri
1195 2365 1326 2482 potest

386 2477 549 2590 quaestio
575 2513 584 2558 ε
612 2481 752 2591 prior,
778 2502 831 2558 an
859 2472 1028 2590 aliquod
1059 2505 1109 2563 ex
1138 2479 1325 2594 operibus

294 2687 304 2714 Ι
389 2592 581 2708 Origenis
619 2585 744 2703 reipsa
788 2585 960 2702 perfidas
1009 2590 1326 2675 adulterantium

388 2707 686 2789 Haereticorum
706 2725 846 2786 manus
868 2728 1080 2816 expertum
1099 2701 1221 2788 fuerit
1240 2743 1249 2787 ι
1268 2706 1326 2789 al-
1420 2704 1424 2715 '

196 2820 200 2830 '
274 2901 275 2906 a
386 2841 496 2922 tera,
517 2843 569 2900 an
587 2817 632 2898 id
649 2816 729 2896 dici
747 2807 862 2930 polilt
885 2815 936 2900 de
953 2815 1132 2932 pluribus
1150 2818 1327 2930 ejusdem

388 2931 600 3043 Scriptoris
618 2924 815 3042 operibus.
841 2926 918 3011 llla
938 2939 977 3013 &
997 2919 1114 3044 ipsius
1137 2932 1327 3046 Origenis

386 3042 616 3126 testimonio
638 3050 680 3125 δι
711 3043 957 3155 Hieronymi
988 3038 1138 3153 offensu
1168 3047 1329 3128 videtur

387 3153 510 3270 plane
532 3153 723 3260 definit23
741 3149 821 3266 ipse
838 3159 945 3236 enirn
957 3154 1035 3238 Ori
1066 3179 1159 3237 enes
1174 3155 1327 3274 discep-

387 3272 586 3352 tationem
601 3263 708 3349 suam
726 3293 818 3347 cum
836 3263 1027 3348 Candido
1092 3273 1254 3352 aeretico
1275 3269 1327 3353 ab
1347 3299 1360 3308 “

387 3381 536 3465 eodem
552 3378 822 3464 adulteratam
848 3373 958 3463 fuille
979 3379 1112 3496 palam
1133 3369 1211 3464 con
1244 3381 1326 3467 ues-

389 3517 453 3578 tus
466 3492 539 3577 est:
553 3521 685 3608 neque
698 3495 986 3606 Hieronymus,
1004 3519 1075 3579 aut
1090 3495 1192 3580 ullus
1207 3413 1329 3606 allius,

420 3685 432 3713 ¹
460 3675 507 3736 De
533 3674 623 3767 adult.
650 3674 699 3734 lib.
718 3673 866 3827 origen-¹
911 3669 1018 3734 ‘ibid

395 3767 466 3814 tom.
480 3769 503 3824 ς.
519 3756 600 3816 Hier.
611 3753 651 3813 N.
664 3753 712 3813 Ed.
727 3775 753 3834 p.
766 3771 827 3823 ²5²·
