2908 4544
245 441 250 450 .
283 363 506 473 Ecclcmstic.
530 361 698 449 Codicum
718 365 993 470 Cormptcribrcr.
1029 365 1104 480 '5¹11

166 477 486 594 &interrogare
506 476 602 590 quid
625 474 790 580 sentiat,
810 477 904 560 cirin
935 475 1015 594 ipsc
1040 509 1109 594 po.

183 591 263 674 stei
283 591 387 672 dicia
406 588 474 673 sua
493 587 720 702 castigaritr
744 589 855 672 Nam
877 594 945 703 qui
963 598 1110 706 pagina

188 733 257 813 151.
276 705 585 816 negarat,·ocom
604 715 643 783 irc
662 725 742 782 rota
761 710 968 785 Hincman'
985 733 1111 785 noma.

182 831 276 898 tione
290 810 648 1008 vestigircmfflcmm
658 809 952 930 fobcmemgmor
963 807 1112 898 librum

145 1031 154 1038 ·
182 951 387 1010 recentem
411 921 467 1009 fin‘
499 924 677 1009 eeidem
707 923 828 1040 pauli)
856 923 972 1040 prist,
995 931 1111 1014 nimi-

183 1067 271 1122 rum
291 1039 437 1154 pagini
456 1069 535 1149 157.
556 1045 596 1124 δι
616 1033 817 1152 sequenti,
836 1043 894 1121 rei
912 1039 1114 1124 evidentia

184 1147 384 1266 perculsus
403 1155 582 1266 cogitur,
602 1150 714 1264 quod
732 1177 871 1232 renim
894 1149 976 1250 est,
992 1153 1115 1238 confi-

184 1267 270 1346 teri.
283 1277 422 1374 Neque
431 1262 727 1360 diffimrclandum
736 1258 982 1377 inquitmcm(
987 1269 1116 1350 Hinc-

182 1383 366 1484 marum)
384 1373 517 1458 ibidem
546 1389 604 1460 ita
631 1376 753 1487 loqui,
798 1377 881 1490 coast
902 1377 995 1459 libor
1018 1390 1113 1462 Rei

182 1485 438 1595 oblatos‚posi
454 1499 632 1597 Scriptum
643 1405 864 1712 eccistam·
876 1511 942 1594 pro
964 1409 1113 1575 diccnffa

134 1632 141 1662 ν
182 1614 281 1684 trina
303 1611 488 1701 Deliaco,
505 1627 679 1684 exoratos
698 1632 721 1680 c
743 1625 787 1684 cc.
809 1605 849 1685 Si
867 1603 1112 1686 Hincmarus

181 1725 240 1792 ira
273 1713 454 1825 loquitur,
479 1716 589 1828 quast
611 1713 703 1795 liber
725 1725 821 1826 Rogo·
849 1711 989 1796 oblatus
1000 1775 1014 1812 ‚
1036 1721 1114 1822 post

121 1851 124 1859 ⁴
182 1835 361 1932 Scriptum
374 1826 487 1908 Gotho
503 1826 595 1907 calci
605 1851 672 1932 pro
692 1825 840 1907 dicenda
863 1838 961 1906 trina
977 1837 1113 1911 Deita-

185 1957 221 2014 te
236 1963 411 2018 exaratur
429 1970 447 2016 o
472 1963 527 2018 ec:
540 1964 638 2050 ergo
654 1950 693 2019 in
709 1949 914 2019 narratione
925 1950 981 2020 H
981 1951 1114 2020 imma-

182 2059 215 2127 η’
233 2072 341 2128 excat
349 2048 503 2159 aliquod
516 2055 725 2164 vestigium,
739 2078 809 2159 qco
820 2047 1117 2166 stobincclligcccrcr

183 2158 331 2244 librum
350 2159 459 2244 hunc
477 2183 662 2246 recenter
684 2157 872 2275 scriptum
897 2157 1017 2246 fuiffe.
1037 2163 1113 2247 'Ac

183 2279 251 2386 qui
281 2298 418 2357 tamen
472 2279 510 2356 ui
539 2279 682 2389 prioris
706 2271 809 2357 illius
833 2269 1114 2389 propofitionis

181 2391 390 2470 veritatem
410 2303 633 2470 diisrmulari
643 2385 749 2500 poffe
765 2415 848 2468 non
859 2393 1015 2500 putavit
1032 2391 1114 2476 Cu-

184 2491 367 2581 stantius:
386 2501 494 2581 idern
515 2499 626 2612 quod
651 2521 701 2580 ex
728 2497 1026 2584 iliamanifeste
1055 2499 1113 2584 se-

215 2613 340 2715 uitur,
358 2633 490 2722 negat.
503 2610 554 2692 Et
570 2607 682 2722 quod
697 2612 843 2688 mirere
858 2614 1005 2719 magis,
1016 2610 1114 2696 dum

183 2633 315 2802 Secum
332 2723 390 2800 ita
405 2745 585 2833 pugnare
603 2717 790 2816 videtur,
808 2715 952 2802 eodem
971 2717 1054 2834 ipso
1072 2726 1114 2805 in

183 2827 277 2912 loco
300 2829 562 2916 celeberrimo
586 2824 741 2913 Praesuii
758 2827 929 2925 infultae
944 2833 1112 2948 indigno

181 2941 303 3060 plane
320 2939 1112 3060 modom-Necinufitatumest,1inquit,
1135 2998 1160 3040 ς.

182 3082 273 3143 eum
293 3059 608 3162 (Hincnrarum)
631 3057 673 3136 in
691 3053 772 3138 hoc
787 3060 953 3171 negotio
975 3057 1112 3144 videre
1134 3111 1159 3154 cc

184 3165 365 3252 nonsatis
377 3167 1019 3254 fibiconsentientern.Averitatis
1034 3196 1111 3254 tra.
1134 3224 1160 3266 o

187 3287 284 3366 mite
304 3279 490 3386 devians,
514 3284 722 3364 contrariis
744 3279 947 3364 interdum
969 3287 1111 3368 nititur
1134 3337 1160 3374 «ι

185 3399 280 3493 viis,
298 3389 439 3508 quibus
458 3393 533 3477 sese
557 3393 755 3510 expediar.
773 3389 985 3510 Naufrcgo
1002 3395 1108 3480 fimi·
1134 3448 1159 3486 n

187 3507 259 3612 lis,
279 3504 478 3620 quidquid
509 3509 757 3609 occurrerit,
787 3509 950 3620 arripit,
966 3533 1046 3623 quo
1073 3503 1110 3594 se
1134 3559 1160 3600 cc

187 3619 354 3703 liberare
370 3641 586 3732 utcumque
596 3617 738 3700 valeat.
749 3655 774 3694 n
787 3619 938 3700 Siccine
950 3619 1043 3704 licet
1056 3625 1113 3702 in.

190 3733 339 3848 ignem
353 3729 590 3846 Epistopurn
614 3727 787 3813 ludibrio
806 3730 957 3814 nabere
982 3741 1112 3818 &ca-
