3012 4574
325 328 403 408 286
547 331 613 410 De
629 323 810 407 veteribus
827 333 885 412 H
885 339 1036 412 aereticr's

275 473 303 513 ss
323 437 514 551 prudenti
539 449 631 519 eum
654 442 770 521 novit
788 445 1025 524 recitatione
1046 441 1273 560 distingue-¹

276 585 302 626 ss
323 576 389 653 re,
411 548 680 664 deprehendit
694 549 785 631 lota
799 551 851 632 ab
869 556 1081 636 Haereticis
1094 560 1263 662 vitiata,

274 698 300 738 u
354 663 437 744 uod
455 667 513 744 ita
528 657 604 744 effe
623 661 773 750 sanetus
791 665 1024 778 Pamphilus
1044 694 1199 782 martyr
1219 675 1262 754 in

274 809 300 851 n
321 691 390 860 duo
410 775 683 892 Apologetico
705 773 938 861 declaravit.

374 887 604 974 Haeresrbus
632 905 767 970 'autem
793 920 857 992 42.
885 897 927 974 δι
955 919 1014 997 43.
1047 892 1260 1007 ppstquam

319 1000 462 1084 docuit
479 1002 581 1108 duos
603 994 772 1084 extitisse
798 1002 999 1118 Origenes
1019 999 1257 1090 sceleratiffi-

317 1141 434 1219 mos,
456 1108 638 1196 diversos
641 1127 643 1131 ’
659 1139 708 1194 ue
733 1110 876 1196 abillo
899 1137 1050 1230 magno
1077 1119 1258 1234 Origene

269 1254 296 1296 n
318 1227 567 1308 Adamantio
584 1261 593 1307 :
613 1141 730 1308 addit
746 1225 833 1307 haec
853 1226 1004 1310 verba:
1025 1268 1050 1307 n
1065 1229 1127 1314 Hi
1144 1248 1159 1282 ²
1175 1232 1257 1314 duo

272 1365 296 1408 u
321 1340 520 1452 Origenes
546 1327 670 1450 prave
689 1365 858 1452 quaeque
878 1337 1127 1454 scripserunt.
1160 1347 1258 1427 Hae-

270 1477 296 1520 ν’
318 1457 491 1534 retici&
512 1443 685 1566 perversi
701 1453 903 1534 Dodores
926 1452 1064 1536 nostro
1088 1458 1260 1650 Origeni

270 1593 296 1635 u
319 1562 538 1646 Catholico
552 1565 760 1644 testatori
777 1561 1043 1672 miscuerunt,
1060 1591 1107 1651 ut
1133 1597 1158 1650 a
1189 1574 1260 1652 im-

270 1708 296 1748 n
318 1677 496 1791 pleretur
516 1675 629 1792 quod
646 1675 835 1758 dicitur&
856 1679 1042 1761 Domino
1066 1681 1110 1762 in
1128 1685 1258 1764 Evan.

269 1820 295 1859 υ
319 1789 454 1903 geliis,
479 1820 588 1872 nonne
613 1783 739 1870 bonum
755 1789 877 1902 semen
895 1791 1083 1903 seminasti
1109 1807 1148 1876 in
1170 1825 1259 1909 agro

269 1932 295 1973 ss
318 1917 403 1984 tuo?
421 1900 813 2016 undeetgobaberbaec
826 1915 1006 2008 giganr'a?
1032 1919 1112 2100 ogei
1125 1915 1257 2016 respon-

269 2046 295 2085 n
316 2017 426 2113 dens,
443 2025 713 2119 ait,Inimicus
726 2014 827 2122 home
841 2016 1011 2118 hocfecit.
1037 2021 1055 2101 I
1088 2047 1138 2102 eo
1150 2025 1257 2102 enim

268 2157 296 2198 ³³
320 2128 544 2242 Origenem
564 2126 743 2240 legentes
754 2130 979 2211 invenimus
995 2129 1255 2236 Catholicum

270 2271 296 2311 υ
316 2228 358 2324 δι’
380 2263 525 2321 contre
551 2234 715 2322 haereses
744 2237 1005 2324 dimicantem
1032 2251 1073 2327 &
1092 2245 1254 2324 vincenu

269 2382 295 2422 2³
317 2378 401 2436 tem
415 2351 661 2458 :identidem
678 2351 857 2464 legentes
870 2356 1093 2436 invenimus
1111 2357 1254 2438 Haere.

261 2473 295 2536 '²⁰
317 2460 1094 2574 ticum&'adversafideiadstruentem,.
1108 2534 1134 2576 ,.
1160 2497 1255 2550 nam

235 2571 239 2576 ’
268 2605 294 2646 ¹³
317 2588 357 2663 δι
380 2579 482 2660 illud
502 2577 728 2678 cavendum
746 2576 825 2684 est,
847 2577 959 2694 quo'd
976 2579 1257 2694 Ampullianus

268 2719 294 2759 ν’
318 2693 485 2806 quidam
507 2689 757 2774 Haefiarches
774 2692 1014 2804 Bithynius,
1043 2701 1112 2807 qui
1135 2693 1255 2779 doce-

259 2830 294 2872 ’θ
317 2805 388 2888 bat
402 2803 492 2922 post
506 2803 730 2917 Origenem
747 2804 963 2888 Ecclefiam
975 2808 1071 2890 Dei.
1099 2811 1185 2891 Hic
1199 2813 1257 2891 in·

268 2943 295 2986 2³
316 2924 442 3002 currit
473 2914 598 2999 talem
625 2913 803 2999 haerefim
864 2942 910 3000 ut
937 2917 1092 3002 diceret
1117 2949 1258 3004 omnes

198 3031 206 3038 “
267 3054 294 3098 ³³
317 3026 554 3116 crimin'osds'
570 3054 664 3114 cum
683 2984 865 3112 Diaboio
889 3037 931 3114 δι
951 3031 1177 3112 Daemoniis
1205 3035 1256 3118 ed

268 3169 294 3212 ²³
316 3144 498 3260 usquein
521 3139 708 3258 gehenna
727 3140 932 3254 decoqui,
959 3169 1041 3254 quo
1030 3147 1150 3334 ufuri
1166 3146 1257 3228 red-

137 3255 145 3272 *
267 3283 295 3328 u
315 3261 391 3343 diti
408 3253 658 3374 poffin'tinde
675 3253 816 3336 mundi
830 3257 1029 3338 &immac
1073 3259 1130 3338 eti
1144 3283 1256 3372 egre-

268 3395 295 3436 η
318 3376 444 3457 di....
476 3370 561 3452 Hic
585 3367 682 3450 dum
708 3391 943 3482 argueretur
970 3364 1023 3447 ab
1045 3367 1256 3456 universali

267 3507 294 3550 ’³
313 3481 509 3588 Ecclefia,
537 3485 663 3596 coepit
689 3480 870 3599 proferre
896 3477 1023 3562 libros
1043 3483 1255 3598 Origenis,

269 3621 295 3664 ‘³
317 3627 418 3717 quos
442 3595 524 3713 ipse
545 3597 780 3702 vitiaverat,
801 3603 841 3682 &
864 3591 1023 3682 dicere:
1054 3609 1144 3682 Ecce
1161 3612 1253 3710 quia

341 3754 354 3784 ⁸
368 3739 440 3804 nit.
453 3757 519 3823 pag.
532 3741 604 3816 4802
