2956 4558
320 343 544 458 Ecclesr'astic.
557 343 725 433 Codicum
738 343 1016 454 corruptoribus.
1051 373 1136 452 427

200 453 249 538 se.
270 458 490 574 vulgatam
521 485 619 574 ergo
645 459 857 544 leelionem
886 457 1135 542 exhibebant

94 634 102 668 ς
199 597 283 651 non
304 571 430 653 modo
448 572 691 688 exemplaria
714 601 833 686 ²‘qua
851 569 1051 654 Cribellus
1072 570 1137 654 vel

200 683 345 767 Badius
352 683 529 799 primlun
540 682 1055 800 exscripserunrzsedetiam
1067 681 1137 767 illa

200 799 361 902 omnia,
382 823 469 908 quae
485 801 527 877 in
545 799 807 908 emendandis¹
826 795 936 880 libris
954 796 998 877 de
1011 808 1139 879 Trini-

198 929 300 1006 tate,
316 907 452 1023 posted
463 906 586 998 secuti
600 908 690 995 sunt
702 935 787 996 tam
797 906 999 1014 Erasmus,
1015 906 1137 1022 quam

198 1021 373 1105 Miratus.
591 1033 597 1039 '

253 1137 298 1216 N
302 1163 357 1214 on
369 1134 558 1246 equidem
577 1140 722 1250 ignoro
733 1135 924 1252 plurimas
936 1201 947 1238 ,
958 1133 1156 1220 maximis·

198 1242 221 1324 d
242 1245 843 1366 ParifiensrbusTypographis‚
862 1245 1048 1362 prodiisse
1067 1274 1139 1361 po-

94 1373 96 1378 ·
196 1353 278 1438 steri
293 1385 459 1471 operum
473 1357 592 1445 saneti
603 1365 752 1445 Hilarii
762 1361 1043 1470 Editiones,in
1054 1361 1140 1470 qui-

199 1464 272 1549 bus
289 1470 459 1586 vulgatae
475 1473 557 1584 jam
577 1473 737 1557 lediioni
754 1475 954 1572 adoratur,
972 1472 1137 1555 Felicia-

177 1658 180 1663 .
197 1605 251 1660 na
262 1579 348 1675 haee
361 1586 578 1693 adoptatur,
588 1585 797 1672 substituta
810 1583 868 1669 est
881 1621 892 1666 a
906 1583 1050 1670 venlm
1071 1586 1139 1666 Ll-

200 1689 479 1782 brariorumne
493 1699 703 1784 oscitantii
713 1699 757 1782 id
771 1704 809 1781 ir
883 1694 1001 1801 ferit,
1017 1722 1072 1778 an
1088 1721 1139 1778 ex

199 1806 400 1891 veteribus
420 1806 696 1928 manuscriptis
718 1810 849 1893 codici
908 1839 924 1890 s
958 1835 1039 1890 vox
1068 1806 1139 1896 illa

196 1918 395 2017 adoratur,
412 1927 455 2004 in
470 1921 583 2006 istam
599 1925 818 2032 adoptatur)
828 1927 1043 2028 immutate
1055 1918 1139 2002 fue·

197 2031 277 2133 rit,
297 2031 481 2117 Editores
499 2063 584 2117 non
602 2039 813 2152 aperiunt:
833 2033 919 2117 imi>
935 2059 1012 2116 nec
1030 2056 1140 2118 vete-

197 2145 234 2222 ri
260 2141 422 2229 ledlioni
440 2145 575 2232 locum
600 2149 852 2262 reliquerunt
876 2150 984 2230 inter
1012 2148 1141 2246 varias

195 2249 411 2364 hillones,
433 2286 530 2372 quas
555 2265 599 2343 in
617 2288 742 2343 unum
765 2258 952 2344 colleoas
974 2257 1029 2340 ad
1057 2256 1139 2342 cal-

197 2391 292 2450 cem
311 2373 436 2452 totius
465 2377 596 2486 operis
626 2399 671 2456 re
698 2371 921 2456 raesentant.
948 2371 1140 2478 Quorum

196 2477 486 2595 negligentiam
505 2485 587 2566 hoc
609 2489 652 2568 in
670 2399 765 2567 loco
784 2483 944 2568 nonest
960 2487 1141 2573 imitatus

199 2591 452 2704 Custantius3
469 2593 661 2712 pleraque
680 2600 788 2680 enim
806 2623 829 2678 e
915 2594 990 2676 luit
1014 2597 1138 2677 rario-

197 2732 293 2787 num
314 2733 546 2811 momenta,
568 2737 655 2820 qua
678 2708 775 2789 hinc
803 2711 844 2789 in
876 2734 901 2790 e
926 2705 1139 2820 proferun-

197 2837 274 2902 tur.
290 2823 435 3014 {rain
446 2847 490 2902 re
503 2817 624 2903 fidem
636 2819 719 2930 ejus
733 2827 774 2903 &
791 2819 1044 2934 diligentiam
1056 2817 1142 2904 lau-

199 2929 323 3042 d02ju
355 2937 475 3016 icium
486 2931 1143 3047 tamen‚qquelicianamledtio-
1242 3011 1244 3016 .

196 3071 294 3126 nem
319 3044 435 3130 alteri
454 3051 697 3160 anteponit,
714 3071 792 3129 nec
810 3041 943 3160 sequi,
960 3071 1037 3128 nec
1054 3043 1139 3128 lau-

200 3155 298 3240 dare
317 3155 482 3274 pullum.
780 3240 785 3252 ,

252 3263 344 3353 Esto
360 3274 467 3355 enim
480 3341 492 3377 ,
503 3271 705 3355 Felieiana
718 3269 836 3355 leilio
848 3274 891 3353 in
902 3269 1140 3384 quibusdam

198 3381 316 3464 editis
334 3391 375 3468 &
390 3383 666 3500 manuscriptis
681 3383 911 3487 codicibus,
928 3387 1050 3467 etiarn
1068 3409 1140 3490 an.
1246 3480 1255 3503 N

200 3497 321 3608 tiquis
332 3565 343 3602 ,
355 3501 576 3612 reperiatur
586 3535 595 3582 ε
607 3497 770 3601 saltem,
786 3493 870 3612 ipso
885 3495 1039 3580 fatente
1048 3498 1141 3580 Cu·

199 3605 375 3714 stantio,
397 3637 474 3695 nec
499 3615 541 3693 in
567 3609 837 3724 antiquillrmis
864 3607 1138 3713 editionibus,

199 3747 276 3803 nec
296 3725 336 3805 in
348 3723 535 3807 omnibus
553 3721 828 3838 manuscriptis
842 3727 1030 3808 occurrit.
1047 3721 1138 3808 Imd
