3012 4574
360 425 429 498 310
582 405 646 482 De
669 395 847 477 veteribus
866 407 923 480 H
923 403 1075 476 ‘creticis

310 547 334 582 υ
361 503 574 618 quaestione
586 529 729 590 contra
742 511 965 623 Origenem
978 533 1069 590 toto
1082 505 1299 589 orbecom⁴
1401 517 1405 526 '

308 657 334 699 o
360 645 508 724 mota,
541 618 584 706 ih
623 622 845 735 quaerendis
886 617 1179 735 exemplaribus'
1212 619 1299 701 dili-

308 774 333 810 „
358 738 518 846 gentior
534 733 591 815 fui
604 781 615 841 3
647 743 685 817 δι
707 739 750 816 in
768 733 992 818 Caesariensi
1014 731 1298 836 Bibliotheca,

307 886 333 923 n
357 843 510 928 Eusebii
529 847 593 930 sex
614 845 820 929 volumina
845 875 888 928 re
918 851 974 929 eri
999 845 1192 946 hannoiae
1216 844 1297 952 iah

307 997 331 1036 o
353 957 533 1063 (impiavi.
557 967 658 1072 Quae
674 959 769 1041 chm
789 873 987 1074 legillPem,
1008 966 1182 1076 primum
1203 987 1296 1042 eum

306 1113 331 1150 a
354 1072 502 1154 librum
521 1071 793 1186 deprehendi,
818 1101 939 1185 quem
955 1096 998 1154 tu
1019 1073 1120 1156 lolus
1141 1072 1209 1154 sub
1226 1103 1295 1155 no-

306 1225 330 1263 „
356 1190 463 1266 mine
486 1189 677 1298 Martyris
694 1186 873 1291 edidisti,
899 1187 950 1268 de
971 1188 1072 1268 Filio
1087 1190 1295 1300 &Spiritu

305 1336 331 1375 ‚2
354 1297 486 1380 fanno
501 1300 544 1378 in
559 1297 708 1380 bonam
727 1324 885 1413 partem
896 1298 1093 1414 plerisque
1116 1296 1294 1414 blasphe-

304 1447 330 1486 o
354 1437 443 1492 mus
468 1435 737 1492 commutatis.
1112 1475 1114 1478 v

407 1552 448 1627 4.
472 1522 688 1636 Postquam
705 1523 996 1608 demonstravit
1015 1528 1293 1637 Hieronymus

351 1635 507 1718 editum
525 1637 549 1718 d
565 1635 714 1722 Rufino
732 1639 830 1718 Pam
861 1635 933 1718 hili
949 1644 1115 1719 nomine
1131 1637 1292 1742 librum,

350 1775 435 1831 non
456 1747 530 1832 effe
557 1748 781 1864 Pamphili,
830 1749 882 1831 ed
901 1748 1074 1853 Eusebii,
1099 1751 1292 1834 Rufinum
1334 1773 1337 1782 ·

302 1897 326 1934 o
349 1860 476 1977 ipsum
498 1862 549 1945 hc
571 1863 801 1977 compellat.
815 1864 929 1960 «De
944 1863 1041 1946 Pam
1073 1861 1145 1944 hili
1160 1861 1292 1945 libro²

301 2007 326 2048 o
349 2001 433 2057 non
451 1975 686 2080 ridiculosa,
709 2003 754 2060 ut
776 2003 821 2059 tu
846 1975 1002 2082 scribis,
1032 1891 1099 2060 hd
1121 1975 1291 2060 ridicula

300 2120 327 2155 υ
350 2088 449 2167 mihi
469 2087 579 2169 forth
599 2117 660 2169 res
682 2089 851 2195 accidit,
880 2112 925 2171 ut
941 2089 1154 2203 postquam
1176 2087 1289 2172 Euse-

299 2231 324 2266 o
350 2197 403 2278 bii
424 2197 649 2280 asseruerim
670 2198 767 2302 elst,
793 2228 878 2278 non
901 2199 1127 2311 Pamphili,
1148 2201 1201 2278 ad
1219 2225 1287 2279 ex-

299 2339 323 2378 n
348 2312 522 2390 tremu'm
552 2309 744 2412 dixerim,
769 2312 891 2389 etiam
923 2336 988 2389 me
1017 2335 1143 2388 annos
1165 2308 1287 2422 pluri·-

299 2452 324 2490 »
348 2448 435 2502 mos
453 2421 533 2502 hoc
550 2417 845 2535 putalle,quod
864 2419 1065 2534 Pamphili
1085 2418 1232 2528 fuerit,
1250 2431 1289 2506 ὅ(

299 2567 323 2604 2³
347 2534 369 2614 al
389 2558 430 2616 te
450 2534 657 2646 exemplar
680 2534 795 2646 hujus
815 2533 1027 2614 voluminis
1047 2555 1288 2619 mutuatum.
1415 2537 1418 2544 ’

298 2679 323 2718 ²³
349 2647 455 2732 Vide
473 2645 672 2760 quanthm
690 2653 855 2730 timeam
875 2645 1093 2728 cachinnos
1114 2671 1225 2755 tuos,
1245 2672 1290 2732 ut

297 2765 468 2843 ‘retiam
492 2789 599 2842 nunc
621 2761 764 2844 eadem
786 2765 978 2874 ingeram.
1008 2762 1076 2842 De
1092 2785 1163 2842 tuo
1181 2762 1291 2845 codi-

271 2905 323 2982 Ιυ
348 2899 394 2957 ce
455 2874 535 2956 uafi
575 2873 776 2987 Pamphili
813 2872 1019 2987 exemplar
1051 2878 1289 2988 accepimus.

197 3039 203 3046 ν
296 3020 322 3058 ”
348 2903 519 3073 Credidi
541 2986 793 3089 ChristianO,
819 2986 1035 3068 &credidi
1056 2988 1289 3070 Monacho:

297 3133 322 3172 υ
346 3129 429 3181 non
456 3103 595 3214 putavi
614 3122 772 3181 tantum
793 3094 946 3180 sceleris
965 3099 989 3180 al
1009 3121 1049 3179 te
1069 3097 1176 3210 polle
1197 3129 1290 3181 con·-

296 3246 321 3283 υ
345 3209 453 3328 fingi.
468 3251 491 3288 a
511 3217 574 3296 Ita
590 3215 750 3296 Hieron
780 3239 865 3313 mus
880 3209 1090 3325 'pristinum
1108 3235 1287 3296 errorem

344 3326 455 3408 suum
538 3349 649 3430 etur,
675 3239 835 3438 ejuhiue
868 3320 1024 3405 causam
1048 3321 1153 3404 hanc
1177 3323 1286 3408 fuille

344 3325 538 3634 affin*
559 3438 672 3552 quod
693 3441 818 3521 aienti
837 3434 1057 3520 crediderit
1069 3435 1242 3544 Rufin0,
1266 3439 1289 3520 a

347 3582 428 3666 quo
505 3581 593 3634 rum
617 3577 821 3634 mutuatus
840 3573 938 3630 erat.

400 3667 565 3749 Deinde
581 3663 706 3780 ipsum
728 3661 923 3768 Rufinum
943 3663 1155 3768 hortatur,
1174 3687 1220 3746 ut
1237 3667 1290 3744 vi-

367 3820 377 3846 ·
392 3803 463 3867 lbid.
477 3825 544 3892 pag.
555 3822 625 3879 447.
