2896 4562
263 327 490 441 ecclesiastic.
507 327 678 412 Codicum
690 331 974 436 corruptoribus.
1040 361 1090 446 75

150 439 282 522 sorum
317 438 463 553 scripta
489 445 810 553 interpretemur.
844 444 980 528 Multa
1001 365 1090 530 litui

23 655 28 668 ἡ
149 557 259 635 enirn
279 552 387 668 apud
400 556 564 657 Patres,
584 556 830 666 antiquiores
850 549 1089 670 pr'aesertim,

151 687 242 777 quae
262 666 391 781 primi
413 665 577 777 quidem
607 662 744 748 fronte
771 692 993 781 apparent,
1019 693 1090 753 aut

150 786 258 862 inter
272 777 313 862 se
324 847 337 885 ,
347 800 418 862 out
431 776 526 861 fidei
543 775 769 860 Catholicae
784 786 989 864 contraria
1000 829 1012 890 t
1025 809 1091 864 ac-

152 895 329 974 curatius
354 915 492 975 autem
514 891 744 973 examinata
764 899 804 974 δι
826 895 895 974 ins
914 898 1000 977 edla
1018 921 1087 1008 pe·

128 922 1092 1108 mwfflfflrthm

150 1115 257 1201 sona.
277 1117 328 1200 Et
345 1115 443 1199 vero
463 1114 603 1198 vetust'
632 1118 701 1196 imi
713 1115 877 1222 Patres,
897 1117 949 1204 de
964 1123 1012 1202 iis
1028 1119 1090 1202 lo-

150 1249 285 1342 quor,
305 1231 375 1341 qui
400 1232 538 1344 primis
559 1225 739 1310 Ecclesrae
760 1227 956 1314 nascentis
985 1255 1089 1316 tem-

151 1339 339 1455 poribus,
354 1338 600 1423 saevientibus
615 1339 752 1424 adhuc
769 1344 1091 1455 Tyrannislvixe-

150 1477 269 1551 runt,
288 1477 506 1566 antequam
528 1452 622 1538 Reli
649 1454 691 1534 io
710 1451 939 1538 Christiana
960 1456 1089 1545 Caesa-

149 1479 1092 1682 rumsoliumconscendiffenhistnquamquam.

151 1681 208 1760 vis
235 1678 428 1761 traditam
453 1676 525 1760 sibi
552 1677 604 1760 ab
630 1677 834 1870 Apostolis
864 1679 1091 1768 doctrinam

151 1787 381 1873 saniliffim‘e
409 1792 641 1894 servarent,
688 1788 916 1878 aborabant
951 1817 1091 1880 tamen

151 1903 369 1986 verborum
390 1902 577 2018 penurii,
596 1901 739 2014 quibus
765 1899 893 1990 sensus
914 1905 1000 1988 suos
1027 1911 1088 1990 in-

151 2018 272 2097 timos
291 2014 570 2130 expanderent
595 2025 635 2098 &
657 2016 808 2130 populo
829 2016 1090 2132 explicarent.

151 2129 302 2242 Neque
312 2131 421 2212 enirn
441 2125 578 2241 lingue
593 2128 739 2211 Graeca
749 2154 819 2213 aut
833 2135 1023 2216 Romana
1033 2132 1092 2215 ul-

149 2239 207 2326 las
226 2269 345 2325 voces
364 2238 544 2323 habebat
562 2239 730 2323 idoneas
753 2235 1003 2358 explic'andis
1026 2272 1091 2330 re-

150 2352 222 2436 bus
242 2351 294 2438 ad
315 2353 422 2438 hanc
441 2351 572 2468 usque,
585 2354 693 2442 diem
708 2421 720 2459 ,
738 2356 848 2470 apud
864 2357 1031 2441 Graecos
1051 2367 1093 2445 δι

153 2467 362 2549 Romanos
389 2469 590 2549 inauditis.
618 2466 748 2576 Quod
784 2472 931 2553 mirum
962 2471 1092 2556 videri

151 2577 374 2660 non‘debet
387 2624 397 2682 3
412 2578 438 2660 sr
453 2579 619 2688 quidem
640 2577 809 2661 Romuli
827 2606 1022 2774 nepotum
1034 2583 1093 2666 di-

150 2682 394 2771 sertillrmum
413 2689 655 2772 Ciceronem
679 2685 802 2772 verba
821 2691 872 2774 de
892 2718 1091 2804 cccrum,

151 2801 248 2882 cum
266 2800 318 2884 ad
339 2800 659 2886 transferendam
676 2807 717 2882 in
729 2801 920 2888 Latinum
939 2803 1090 2890 sermo.

151 2941 245 2997 nem
272 2916 459 2999 Graecam
487 2909 789 3028 Philosophiam
816 2922 995 3002 animum
1019 2946 1043 3004 a
1073 2977 1090 2992 -
1228 2925 1232 2936 ’

150 3027 301 3141 pellere
322 3033 458 3143 coepit.
476 3025 596 3110 Unde
614 3024 819 3112 licentiam
839 3053 949 3117 novt
966 2947 1092 3120 veria

151 3139 378 3226 fabricandi
423 3144 512 3225 etiit
530 3148 570 3224 ἃ
589 3139 660 3223 fibi
674 3141 827 3230 tribuit.
838 3143 1021 3246 Rabirii,
1034 3151 1092 3230 in-

153 3257 242 3366 quit
255 3271 271 3304 ²
286 3323 298 3360 ‚
316 3169 497 3362 proiiiio‘,
518 3277 562 3334 ut
586 3266 623 3336 in
645 3253 749 3336 rebus
771 3257 955 3371 inusitati
966 3321 981 3357 ‚
995 3262 1097 3370 quoti

154 3379 273 3451 Graen'
291 3367 362 3482 ipfi
376 3367 589 3471 fitciunm
608 3367 742 3476 quibus
756 3367 832 3452 haec
848 3373 997 3477 jamdiu
1013 3395 1091 3456 tra-

153 3484 324 3579 uantur,
345 3481 627 3562 utamurverbir
641 3481 819 3565 interdum
833 3485 1020 3570 inauditis.
1040 3489 1092 3572 Et

151 3593 275 3708 pauli>
296 3591 581 3678 inferiusszu
605 3601 690 3677 veri
705 3661 719 3699 ,
736 3607 916 3707 inquam,
937 3614 1090 3702 Varro,

178 3729 627 3818 'llc2d.quaest.tdvttr.l.r·l
672 3733 775 3799 trud.
