2956 4558
308 343 533 457 Ecclrfiastic.
548 343 715 428 Codicum
729 333 1007 448 corruptoribus.
1055 369 1124 448 433

81 461 89 467 ’
194 452 265 570 qui
279 457 389 539 libris
408 455 558 570 scriptis
578 483 703 536 annos
723 453 885 568 affignat
903 471 1129 568 nongentos

197 573 515 682 quinquaginta,
535 593 661 650 annos
680 566 842 680 affignat
864 570 1023 649 circiter
1038 568 1127 650 mii-

196 679 245 764 le.
266 681 322 764 At
344 681 373 762 st
420 683 477 761 uis
502 679 657 762 rursum
678 679 701 760 d
725 681 854 792 Pipini
873 705 957 760 aevo
979 677 1033 759 ad
1051 681 1129 761 Ca-

195 792 273 874 rosi
283 795 366 902 ejus
377 709 503 875 siriae
518 789 738 875 successoris
749 815 1128 905 tempora‚eorum»

197 905 292 990 dem
308 905 494 987 codicum
509 927 669 986 aetatem
685 907 924 1006 removerit:
943 901 1047 984 istud
1063 931 1127 986 ve-

195 1017 243 1098 rd
259 1045 344 1098 uon
360 1021 534 1131 patietur
546 1013 782 1098 Custantius.
802 1013 1007 1098 Existimat
1026 1041 1072 1097 er
1099 1045 1125 1096 o

196 1155 246 1212 ex
264 1156 345 1212 una
363 1130 636 1211 characterum
656 1125 896 1241 inspectione
914 1124 982 1240 figi
996 1152 1043 1208 ac
1084 1153 1126 1212 et

123 1241 125 1246 ’
193 1244 401 1326 terminari
439 1233 517 1322 offe
532 1243 720 1353 punctum
734 1238 901 1352 aliquod
922 1245 1126 1352 temporis,

194 1352 302 1434 ultra
322 1267 436 1464 quod
452 1378 536 1432 non
557 1347 668 1435 fuisse
686 1348 851 1466 scriptos
870 1350 1029 1434 codices
1045 1371 1127 1433 cer-

195 1487 282 1545 tum
306 1461 355 1544 sit
381 1491 429 1544 ac
449 1461 670 1546 definitum.
685 1467 723 1548 Si
742 1467 800 1546 ita
822 1460 940 1547 sentit
962 1462 1127 1546 Gustum·-

195 1578 271 1657 tius
290 1573 503 1690 ,rprofettu
523 1571 624 1658 solus
642 1581 699 1658 ita
719 1572 850 1658 sentit.
984 1620 986 1628 v

252 1686 426 1770 stttsane
446 1686 703 1802 inscriptura:
725 1713 897 1801 genere,
917 1691 960 1768 in
975 1686 1127 1770 littera-

195 1821 285 1880 rum
307 1797 440 1882 forma
458 1800 623 1912 quidam
645 1799 874 1904 character,
893 1825 944 1882 ex
974 1827 1056 1910 quo
1087 1800 1130 1881 li-

55 1969 64 1986 .
194 1909 359 2012 brorum
404 1909 765 2025 manuscriptorum
806 1933 899 1992 atas
943 1909 1132 2024 cognosci

193 2045 317 2134 queat
336 2020 432 2106 :sed
449 2024 669 2135 judicium,
688 2021 802 2135 quod
822 2020 868 2104 fit
886 2049 937 2107 ex
960 2021 1128 2132 ejusmo-

191 2135 235 2216 di
258 2133 421 2249 regula,
439 2161 523 2217 non
552 2133 677 2217 debet
706 2133 877 2247 angustis
907 2160 1129 2248 paucorum

83 2257 86 2262 '
188 2273 387 2329 annorum
407 2244 551 2329 finibus
578 2246 766 2348 contrahi
783 2281 792 2327 :
812 2248 1046 2360 temerelque
1072 2245 1129 2329 sa·

189 2363 271 2443 ciat
289 2359 463 2474 quisquis
477 2359 550 2442 iilo
566 2355 652 2440 solo
668 2355 755 2442 usus
775 2361 937 2442 criterio
952 2382 1127 2472 pronun.

189 2475 330 2576 ciarit,
350 2472 537 2585 scriptum
557 2466 632 2554 esse
662 2470 847 2552 codicem
874 2471 1125 2583 temporibus

189 2588 303 2664 unius
328 2587 476 2694 Regis,
496 2581 747 2695 potiusquim
768 2582 851 2687 eius
870 2581 1125 2663 antecessoris

189 2717 258 2775 aut
286 2691 518 2776 successoris.
538 2696 586 2774 In
609 2693 671 2772 his
691 2693 799 2772 enim
823 2690 978 2797 judiciis
1002 2691 1125 2774 facile

187 2801 397 2886 aberratur
406 2803 562 2915 aliquot
577 2826 647 2885 aut
663 2806 785 2886 etiam
798 2799 975 2916 pluribus
985 2809 1122 2909 annis,

187 2918 271 2997 imd
294 2920 458 3031 integris
475 2914 679 2998 interdum
699 2911 855 2997 saeculis.

168 3026 171 3040 ’
211 3019 214 3030 ’
241 3033 353 3112 Nam
375 3032 528 3142 quirin
553 3025 624 3110 illa
643 3052 742 3113 arte.
755 3030 880 3142 magis
912 3025 1116 3133 versatus,
1211 3093 1214 3102 .

185 3141 304 3255 qudm
326 3141 586 3227 Mabillonius
600 3138 701 3223 fuiti
715 3145 838 3253 Atqui
855 3159 993 3222 tamen
1009 3140 1112 3250 judi·
1137 3169 1141 3177 ’

184 3279 346 3337 caverat
360 3253 541 3336 codicem
560 3253 736 3359 Hilarii„
754 3259 822 3366 qui
840 3247 1055 3338 asservatur
1069 3257 1112 3333 in
1199 3341 1213 3350 ,

105 3367 112 3370 ’
182 3365 362 3449 Archivo
381 3365 558 3450 Ecclefiae
577 3370 811 3470 Vaticana,
831 3364 1017 3481 scriptum
1037 3360 1112 3452 esse

182 3497 196 3530 ²
218 3480 278 3580 firb
291 3479 404 3584 finem
424 3493 550 3589 quarti
559 3477 708 3592 fiteusi,
724 3501 795 3560 aut
807 3491 947 3560 ineunte
963 3490 1111 3586 quintu,

182 3583 276 3676 ciun
296 3589 435 3674 saeculo
452 3587 563 3675 sexto
582 3591 696 3676 certe
716 3619 799 3675 non
818 3589 864 3674 stt
882 3592 1108 3705 antiquior,

209 3736 292 3799 'Lilu
313 3751 335 3808 ς.
347 3731 508 3816 ἁσλεάἰρὶ.
520 3751 586 3820 pag.
601 3749 665 3812 256.
901 3809 930 3896 E

939 3835 961 3894 e

916 4045 926 4082 l
