3036 4592
277 320 984 436 Ecclefidstit.Codicam‘Comptoribus.
1060 329 1127 429 45.

231 437 320 520 ΙΙΙ.
346 438 532 520 Graecam
551 432 802 550 septuaginta
820 437 1029 522 Saniorum
1049 441 1114 520 in-

175 572 241 632 ter
268 554 536 653 retationem,
557 552 598 630 in
617 551 661 630 iis
680 546 859 630 maxime
879 545 977 628 locis
996 541 1114 631 effeci

176 576 321 776 Judaeis
340 661 632 763 adulteratam,
650 663 692 740 in
707 659 850 772 quibus
866 659 917 740 ab
933 658 1112 742 Hebrai-

128 871 131 878 ἢ
176 801 227 866 co
249 799 362 858 textu
383 771 601 856 diffidebat.
630 775 692 854 Sic
719 775 827 854 enim
854 772 1114 884 paratumst

177 890 264 996 quis
310 884 495 976 erfidiam
520 884 608 998 ipsis
633 881 859 992 objiceret,
883 881 1115 998 responsum

173 915 405 1102 habebant,
434 1025 515 1112 quo
548 997 730 1078 dicerent
750 999 957 1080 Seniorum
986 1001 1113 1079 inter.

175 1114 448 1223 pretationem
473 1138 557 1191 non
577 1103 652 1190 effe
670 1107 694 1187 al
713 1105 750 1190 se
768 1133 1024 1230 corruptam,
1043 1107 1114 1193 sed

176 1223 448 1305 emendatam.
474 1225 542 1330 .Et·
565 1246 661 1300 vero
684 1215 786 1332 ipsos
810 1219 893 1302 hoc
919 1218 994 1306 else
1040 1249 1125 1304 raeae

175 1355 292 1418 textu
309 1331 397 1417 usos
409 1357 546 1445 aperte
557 1329 728 1446 Justinus
744 1332 876 1415 docet.
907 1249 1125 1449 Qodhlc·

176 1471 257 1557 ego
278 1473 363 1526 non
381 1444 535 1526 idcirco
560 1440 810 1544 observatum
833 1444 977 1552 velim,
1002 1447 1117 1561 quod

176 1578 317 1666 putem
335 1555 565 1672 Judaeorum
581 1556 789 1672 magistros
800 1557 977 1643 excusari
994 1558 1114 1674 polle,

178 1666 375 1752 Poterant
389 1675 551 1782 utique,
573 1669 601 1752 [ι
622 1675 679 1754 ita
692 1669 895 1784 placeret,
921 1673 1116 1781 quemad-

172 1779 345 1864 modum
371 1781 544 1897 Aquila,
568 1782 840 1866 Theodotion
870 1791 911 1864 δι
935 1787 1119 1893 Symma-

169 1891 307 1999 chus,
338 1895 517 2008 aliquam
550 1919 701 1974 novam
740 1896 1119 2004 interpretationem

167 2001 299 2088 edere
330 2006 384 2087 ad
412 2004 612 2090 Hebraici
644 2026 776 2086 textus
799 2010 1037 2090 veritatem:
1074 2033 1118 2090 at

168 2144 262 2202 non
277 2117 428 2202 licebat
442 2118 536 2201 loca
560 2116 632 2200 srbi
655 2113 779 2198 inrisa
801 2115 941 2215 furtim
962 2116 1115 2203 subtra-

167 2231 275 2318 here
296 2257 353 2321 ,εκ
378 2234 506 2314 veteri
537 2233 906 2343 interpretatione,
939 2260 1061 2346 quam
1092 2232 1116 2316 Ξ

166 2342 395 2454 majoribus
414 2341 488 2426 suis
513 2369 606 2426 ante
638 2340 841 2426 Christum
867 2369 1007 2430 natum
1028 2341 1121 2428 edi-¹

166 2483 263 2544 tam
281 2463 323 2540 δι
341 2454 608 2570 approbatam
622 2451 698 2538 effe
715 2481 927 2540 noverant.

230 2575 316 2656 IV.
346 2573 405 2654 Ex
429 2594 604 2682 quatuor
625 2567 702 2648 illis
735 2566 998 2676 testimoniis,
1060 2598 1118 2655 uae

159 2683 351 2812 Justinus
363 2681 387 2762 al
400 2681 632 2797 Judaeorum
652 2678 846 2793 magistris
864 2677 1016 2768 sublata
1030 2601 1122 2767 lull·

156 2807 204 2893 se
235 2793 483 2908 conquestus
508 2785 589 2897 cst',
608 2795 769 2874 unicum
792 2816 932 2878 extare
962 2800 1004 2878 in
1026 2800 1114 2880 He-

34 2911 38 2917 ’
156 2921 323 3006 braiao
343 2931 467 2990 textu.
497 2906 634 3017 Atque
653 2903 735 2988 hoc
759 2903 920 2990 fortalle
938 2911 981 2992 in
1001 2907 1117 3006 causa
1185 2980 1193 2997 ,

153 3034 247 3137 est,
271 3049 351 3106 cur
368 3019 519 3145 Judaei,
537 3042 582 3102 ut
603 3021 615 3098 i
645 3016 682 3100 se
700 3016 872 3133 Justinus
897 3021 1115 3126 admonet,

145 3175 248 3241 non
260 3132 353 3226 ausi
362 3136 511 3234 luerint
523 3128 596 3214 istu
638 3157 688 3213 ex
703 3131 886 3215 omnibus
899 3131 973 3218 suis
983 3160 1115 3216 exem·
1235 3171 1238 3174 ·

145 3255 355 3388 plaribus
375 3271 616 3361 expungere.
652 3247 701 3330 Et
719 3270 815 3328 vero
830 3245 939 3328 idem
959 3245 1028 3328 ille
1051 3245 1111 3326 lo-

144 3405 229 3466 cus
248 3395 308 3452 ex
330 3385 506 3471 quatuor
519 3355 662 3474 Justini
679 3353 782 3440 solus
800 3357 856 3439 est
876 3363 1021 3463 etiam,
1046 3365 1115 3472 qui

141 3503 195 3584 jn
229 3477 310 3576 vul
345 3496 412 3553 ata
436 3471 617 3555 editione
641 3467 776 3551 nostra
806 3469 993 3584 legaturr
1022 3477 1117 3584 quia

139 3615 278 3700 hunc
315 3582 431 3666 olum
450 3589 485 3668 S.
497 3587 773 3696 Hieronymus
784 3585 827 3665 in
845 3583 1028 3672 Hebraeir
1047 3614 1116 3671 vo·
1233 3581 1237 3588 ’

138 3697 399 3818 luminibus
417 3701 574 3812 reperit.
