3020 4564
285 355 288 362 -
355 305 428 382 108
588 300 846 388 Devereribas
860 307 1069 384 Haereticie

321 413 323 420 ‘
354 407 459 492 falsd
480 411 709 530 impositum
727 411 801 496 effe
822 413 845 495 d
865 411 1122 516 Manichaeis,
1140 411 1292 498 sanctus

217 583 219 588 .
304 556 330 596 n
355 520 434 635 ipse
454 524 693 637 Augustinus
718 522 851 609 docet.
866 562 891 599 ι»
912 524 1151 628 Manichaei,
1168 542 1182 574 ²
1201 525 1288 638 plu-

305 665 332 708 o
357 638 459 715 rima
476 636 699 718 divinarum
720 641 800 719 Scri
830 661 1009 720 curarum
1029 635 1169 748 quibus
1190 632 1291 748 ipso.

304 778 331 818 n
357 775 445 828 rum
468 747 637 830 nefarius
657 777 770 845 error
783 665 986 832 ciariffima
1006 746 1291 832 sententiarum

306 891 331 930 »ι
357 859 454 970 pers
471 863 633 943 ienitate
650 868 987 948 convincitur..
1004 863 1098 972 quia
1110 864 1150 941 in
1165 858 1288 940 alium

307 1001 332 1042 n
357 888 508 1051 seniiim
531 973 773 1085 detorquere
793 1001 876 1056 non
898 969 1075 1087 poffunt,
1100 970 1197 1054 falsa
1215 967 1306 1052 effe*

304 1112 331 1152 υ
357 1083 637 1165 contenduntr
656 1090 712 1166 ita
733 1110 870 1169 tamen
887 1109 931 1167 ut
948 1085 1119 1167 eandem
1142 1081 1291 1165 falfita.

306 1223 334 1264 ³³
358 1215 442 1274 tem
467 1223 550 1276 non
570 1194 828 1281 scribentibus
855 1196 1056 1312 Apostolis
1088 1194 1294 1300 tribuant,

304 1337 331 1377 n
357 1303 423 1386 sed
444 1303 575 1389 nescio
598 1309 739 1420 quibus
760 1310 963 1404 Codicum
980 1307 1294 1424 corruptoribus.

304 1447 332 1490 υ
358 1415 485 1529 Quod
508 1443 644 1501 tamen
663 1425 756 1533 quia
772 1447 847 1500 nec
868 1422 1068 1532 pluribus,
1091 1449 1167 1504 nec
1187 1425 1292 1502 anti.

222 1529 225 1540 ‘
304 1560 331 1601 n
358 1529 563 1640 quiori'bus
594 1528 908 1645 exemplaribus,
936 1557 1011 1612 nec
1033 1533 1299 1644 praecedentis»

305 1675 331 1716 n
356 1641 502 1757 lingua:
514 1647 771 1750 auctoritate,
791 1643 898 1726 unde
913 1645 1052 1727 Latini·
1062 1643 1153 1724 libri
1171 1649 1293 1727 inter.

304 1788 332 1830 n
357 1760 504 1868 pretori
517 1757 626 1861 sunt,
646 1749 818 1872 probare
828 1754 1048 1870 aliquando
1061 1778 1295 1870 potuerunt,

305 1901 332 1943 υ
357 1869 552 1952 notissima
570 1869 754 1953 omnibus
770 1875 939 1954 veritate
958 1866 1128 1982 superati
1150 1867 1290 1949 confu-

306 2011 333 2054 ω
356 1977 465 2090 sique
484 1978 704 2064 discedunt.
715 2020 739 2056 ι»
757 1985 815 2066 Ex
831 2011 913 2093 quo
928 2004 1083 2066 certum
1097 1978 1295 2081 redditur,

354 2089 677 2173 Manichaeorum
693 2091 853 2174 fraudes
872 2097 920 2172 in
930 2091 1103 2282 ipsorum
1120 2092 1292 2202 ignomi-

322 2225 326 2236 ·
355 2205 467 2283 niam
483 2201 661 2306 vertiffe,
689 2201 844 2284 nullum
869 2204 948 2286 Ecc
965 2200 1049 2284 efiae
1070 2201 1296 2286 Catholicae

356 2312 550 2396 damnum
571 2313 751 2397 intulisse.

412 2427 489 2508 Sed
507 2431 698 2540 quoniam
715 2427 766 2511 de
782 2427 1003 2543 Augustino
1023 2431 1174 2510 mentio
1190 2428 1303 2511 farta*

357 2537 434 2643 est,
456 2569 539 2622 non
555 2546 632 2624 erit
644 2538 714 2622 abs
726 2568 769 2623 re
787 2539 857 2622 hic
871 2539 1043 2646 referre,
1063 2568 1149 2654 quat
1169 2541 1294 2623 existi-

358 2654 485 2733 mavit
504 2655 595 2736 tuto
613 2661 654 2737 &
675 2652 753 2736 fine
773 2652 856 2735 ullo
876 2652 1096 2768 Religionis
1115 2652 1298 2766 periculo

284 2849 288 2854 ,
359 2766 573 2848 Haereticis
587 2763 692 2880 poffe
714 2764 857 2876 objici,
878 2794 965 2878 quae
982 2765 1108 2880 reipsa
1123 2769 1300 2850 Donato

364 2875 671 2992 Carthaginensi
688 2875 862 2986 objecit,
899 2905 1130 2992 quanquam
1162 2879 1294 2956 crimiz

360 2994 570 3073 nationem
599 3017 722 3105 quam
755 2987 851 3072 falsa
877 2995 1067 3112 opinione
1105 2987 1300 3100 deceptus·

361 3104 614 3208 intenderat,
641 3100 777 3216 postea
803 3106 973 3185 veritate
1000 3123 1294 3210 comperta're-

360 3220 557 3300 tractavit.
593 3214 948 3298 Animadverterat
966 3217 1007 3294 in
1032 3209 1136 3294 libro
1160 3211 1298 3294 Ecclo

362 3326 500 3410 fiastici
511 3332 549 3434 b,
568 3328 635 3411 ubi
649 3332 852 3442 Scriptura
870 3321 1198 3441 genuinahabet,
1215 3331 1302 3436 (qur'

359 3439 575 3550 baptieatrr
594 3443 618 3524 ἆ
637 3464 794 3546 annuo,
816 3438 864 3537 ό·
885 3451 1016 3519 iterum
1039 3450 1162 3553 tangit
1174 3443 1300 3536 illum,

390 3634 407 3668 ²
416 3635 547 3716 Epiust..
556 3631 624 3697 aliis
637 3655 681 3706 ro.
692 3632 728 3693 td
739 3631 813 3691 Hie·
829 3633 881 3782 pa.
894 3649 959 3714 pag·
972 3651 1034 3706 ¹21·-

359 3733 422 3777 που.
435 3735 512 3778 num.
525 3726 554 3776 6.
571 3737 641 3780 not.
657 3713 730 3777 tur.
740 3729 813 3793 tortu
881 3711 897 3770 ἱ.
915 3729 961 3789 34.
974 3729 1023 3790 30,
