2956 4558
379 351 468 450 446
590 359 656 436 De
673 348 853 432 veteribus
868 321 1097 442 Haenticis‘

663 713 897 797 Carur
956 715 1039 797 IX.
1134 749 1137 756 ⁴

362 1009 368 1032 k
635 930 700 1007 De
722 921 852 1004 Codice
869 932 1063 1009 Vaticano.

330 1051 332 1056 .
362 1033 373 1088 2
518 1073 521 1078 Ι

494 1143 602 1228 Estat
621 1148 752 1229 codex
771 1145 865 1254 ille,
885 1151 954 1260 qui
971 1150 1014 1227 in
1033 1141 1213 1228 Archino
1233 1149 1305 1232 Ec.

496 1257 618 1340 clefiae
642 1264 849 1343 Vaticana
882 1257 1093 1343 afferentur
1127 1265 1309 1344 continet

376 1372 593 1452 duodecim
610 1368 728 1452 sandi
745 1372 893 1454 Hilarii
909 1371 1032 1456 libros
1046 1372 1089 1453 de
1100 1384 1308 1470 Trinitate,

377 1511 469 1566 cum
489 1481 645 1563 duobus
660 1481 770 1564 libr'is
788 1487 832 1566 in
845 1484 1149 1588 Constantium,
1168 1491 1209 1568 &
1227 1484 1308 1568 vul.

142 1683 146 1690 .
375 1597 429 1712 go
448 1593 663 1677 aestimatur
687 1597 869 1677 omnium
895 1595 1179 1708 antiquissimus
1195 1606 1307 1710 equo

276 1707 300 1729 ²
375 1707 539 1822 quidem
561 1711 605 1788 in
627 1707 768 1789 codice
790 1706 863 1790 scri
893 1731 979 1791 tum
1009 1735 1116 1791 nunc
1135 1707 1193 1791 est
1211 1711 1306 1790 ‚ada-

109 1845 112 1853 ’
374 1845 486 1903 ratur.
508 1823 619 1934 Quia
647 1844 785 1903 tamen
814 1733 955 1936 religio
987 1819 1042 1903 est
1072 1819 1173 1903 mihi
1195 1825 1305 1934 quic-

374 1960 497 2047 quam
522 1937 858 2048 praetermittere,
884 1932 996 2048 quod
1014 1933 1068 2015 ad
1092 1937 1306 2018 veritatem

372 2045 656 2152 elucidandam
676 2044 861 2130 conferre
879 2045 1016 2162 poffit:
1035 2073 1119 2128 non
1136 2045 1307 2130 diffimu-

372 2157 467 2242 labo
486 2181 599 2260 rem,
616 2185 704 2272 quae
720 2158 879 2240 videtur
900 2154 1050 2246 latuisse
1072 2157 1307 2267 Custantio,

372 2269 575 2383 nempein
585 2293 636 2349 eo
655 2267 797 2352 codice
815 2267 1197 2380 primitdsscriptum
1212 2269 1307 2353 fuis.

338 2467 341 2473 ,
372 2377 410 2463 se
426 2447 437 2484 ,
455 2380 661 2483 adoptatur.
682 2376 746 2462 Ita
764 2383 872 2461 enim
892 2384 1030 2492 accepi
1047 2379 1098 2462 ab
1121 2379 1309 2464 eruditis.

373 2491 471 2576 fimo
492 2493 608 2594 viro,
662 2494 702 2575 ui
725 2488 872 2574 librum
899 2489 1013 2572 illum
1038 2514 1184 2606 rogatu
1210 2519 1308 2577 meo

373 2605 587 2718 diligenter
596 2513 1307 2720 inipexiteanimadierdtwe,abra-

373 2719 418 2802 fis
439 2719 581 2802 litteris
600 2727 691 2825 p&
718 2741 762 2822 c,
791 2713 1106 2832 superindudam
1121 2715 1237 2805 ,firiffe
1262 2727 1306 2804 δε

305 2880 307 2888 J
370 2831 550 2916 secundis
566 2834 669 2912 curis
682 2829 876 2940 adjediam
895 2829 1072 2913 litteram
1087 2863 1108 2912 r
1124 2830 1201 2914 alii
1217 2857 1304 2914 ma-

369 2963 446 3049 nu‘,
461 2941 697 3056 diversoque
713 2964 1172 3055 aeramento,quantunr
1184 2949 1226 3028 in
1237 2971 1303 3028 ve-

368 3055 567 3142 tustiffinra
592 3053 784 3170 scriptura
808 3058 954 3164 conjici
977 3052 1121 3168 potuit.
1145 3057 1305 3143 veriam

369 3170 450 3254 duo
470 3165 586 3273 sunt,
605 3184 693 3282 quae
714 3169 783 3250 hic
805 3167 924 3252 velim
947 3168 1138 3252 accurati,
1166 3168 1302 3254 obser·

369 3313 465 3366 van.

422 3394 625 3479 Primdm:
645 3395 810 3508 omnino
831 3395 1028 3478 incertum
1054 3388 1155 3497 effe,
1176 3421 1303 3507 quan-

369 3509 520 3590 donam
543 3506 627 3588 haec
649 3506 797 3586 codicis
819 3503 1052 3588 emendatio
1082 3505 1187 3590 sada
1215 3503 1304 3592 fue-

303 3661 310 3668 ·
369 3627 434 3706 rit.
450 3625 487 3705 Si
505 3619 575 3702 ilia
592 3617 713 3733 paulo
734 3623 934 3700 recentior
951 3618 1032 3723 est,
1048 3645 1123 3702 nec
1137 3617 1209 3701 nifi
1226 3647 1304 3734 po.

262 3735 265 3742 ’
371 3731 597 3818 sterioribus
612 3729 755 3819 saeculis
772 3729 951 3814 indubia:
964 3761 1050 3845 quae
1063 3730 1219 3819 vetusto
1232 3761 1304 3816 co-
