2896 4562
365 388 385 473 5
389 386 446 472 74
589 367 655 448 De
671 337 853 443 veteribris
871 340 1079 446 Haeretiii'r

362 477 450 558 lam.
462 469 694 588 Nunquam
712 479 769 556 ita
790 472 841 556 de
856 475 894 556 se
907 534 920 578 ,
934 498 1005 556 aut
1021 473 1101 589 ipse
1116 464 1303 592 Augusti.
1369 477 1374 484 '

247 643 250 648 ·
362 616 437 671 nus
457 586 596 692 sensit,
618 612 689 669 aut
709 582 843 671 sentiri
860 587 884 668 ai
903 585 1020 669 nobis
1042 587 1179 673 voluit.

402 703 589 786 Tertiam
603 702 817 804 vitiorum,
834 725 920 813 quae
936 698 1156 814 aliquando
1173 705 1215 782 in
1231 699 1307 785 Pa·

330 845 334 854 ¹
361 835 470 895 trum
496 810 683 928 operibus
705 833 932 894 *occurrunt
950 811 1132 917 causam,
1151 815 1306 900 Hiero-

360 943 504 1039 nymus
517 923 593 1008 effe
609 930 667 1008 ait
680 922 955 1008 librariorum
971 927 1237 1039 imperitiam,
1249 929 1305 1010 de

360 1065 440 1154 qua
458 1039 539 1147 jam
558 1037 732 1122 diximus
748 1034 866 1147 hujus
882 1041 1013 1150 operis
1027 1042 1156 1120 initio.

413 1155 615 1265 Qrartam
635 1152 785 1265 repetit
809 1147 919 1231 idem
937 1145 1086 1232 sanetus
1110 1152 1299 1248 Dostor,

357 1288 409 1345 ex
423 1289 474 1346 eo
490 1261 605 1375 quod
619 1265 841 1347 anteriores
856 1259 916 1342 illi
937 1263 1097 1363 Patres,
1112 1266 1207 1374 quia
1227 1289 1300 1344 an-

358 1397 400 1458 te
418 1375 507 1457 Arii
525 1398 711 1490 tempora
738 1371 999 1489 scripserunt,
1026 1372 1190 1457 incaute
1226 1373 1299 1456 ali·

358 1515 439 1599 qua
458 1487 634 1588 dixerint
651 1554 663 1593 ‚
680 1484 824 1599 quibus
842 1512 964 1568 nemo
986 1509 1085 1569 tunc
1104 1482 1301 1572 abuteba-

358 1621 451 1707 tur,
470 1599 659 1685 abusuros
685 1595 821 1715 posted
840 1599 1067 1693 Hareticoo
1095 1625 1180 1680 non
1198 1625 1300 1713 prae-

359 1712 560 1797 viderunt.
580 1715 645 1796 lta
665 1715 788 1795 etiam
809 1711 1057 1824 Gregorium
1087 1715 1132 1796 N
1135 1711 1301 1795 eocaesa-

307 1847 336 1890 ἥ
358 1823 526 1909 riensem
539 1822 753 1908 excusabat
763 1823 861 1907 olim
880 1821 1052 1912 Bastlius.
1063 1860 1086 1899 ιι
1101 1825 1207 1907 Sane
1227 1828 1299 1936 qui

308 1961 336 2003 θ
360 1938 569 2022 Gentilem
594 1939 648 2021 ad
666 1936 915 2021 credendum
940 1931 1177 2051 persuadere
1204 1942 1298 2020 niti:

186 2079 187 2084 ‘
310 2075 335 2118 n
358 2073 450 2156 tur,
469 2055 658 2166 inquiv,
678 2055 709 2132 is
732 2079 817 2132 non
841 2075 958 2165 putat
985 2048 1054 2132 sibi
1072 2052 1179 2132 circa
1207 2077 1297 2134 ver.

306 2187 334 2228 ν’
358 2163 411 2244 ba
431 2163 607 2247 exailiits
626 2159 910 2275 disputandum
935 2159 1038 2266 esse;
1062 2160 1129 2246 sed
1149 2161 1297 2245 alicubi

305 2293 331 2338 η
355 2273 634 2354 consuetudini
647 2273 888 2383 ejus,quem
905 2272 958 2352 ad
972 2272 1096 2355 fidem
1110 2272 1301 2378 inducit,

197 2435 204 2453 ·
302 2405 331 2444 n
352 2381 803 2484 nonnihilcondonat,
828 2381 1055 2461 dummodo
1088 2383 1298 2495 principa.

303 2519 330 2560 υ
352 2493 456 2579 libus
470 2523 519 2578 ac
535 2486 754 2578 necessariis
765 2519 850 2575 non
864 2491 1090 2576 reludetur.
1101 2497 1240 2607 Qrare
1255 2505 1301 2582 δι

302 2631 329 2673 ”
353 2609 500 2692 multas
519 2608 603 2692 illic
620 2609 801 2690 invenias
822 2631 966 2711 voces,
985 2631 1074 2720 quae
1095 2608 1177 2718 jam
1195 2611 1297 2690 Hae-

303 2745 329 2784 ’³
352 2726 486 2806 reticis
506 2719 725 2838 plurimirm
745 2719 901 2804 addant
916 2717 1086 2826 roboris.
1099 2757 1123 2795 υ
1138 2720 1296 2805 Eodem

351 2831 484 2919 ferme
504 2834 629 2919 modo
653 2836 879 2947 Origenem
906 2837 950 2915 in
967 2830 1205 2946 quibusdam
1224 2833 1296 2916 de-

349 2945 485 3033 fendit
505 2945 755 3030 Athanasius.
771 2953 873 3056 Quae
886 2943 980 3028 ciam
1004 2944 1092 3030 satis
1108 2973 1159 3030 ex
1175 2942 1296 3060 sepa·

351 3083 493 3160 teaut,
513 3059 614 3142 nihil
635 3059 692 3144 est
711 3085 781 3139 cur
802 3057 872 3139 hle
890 3055 1013 3150 fusili
1034 3059 1293 3173 explicemus.

343 3174 410 3256 -At
420 3173 542 3288 paulo
554 3171 704 3255 diutiits
720 3175 822 3253 ineo
838 3167 1165 3276 immorabimur,
1176 3175 1294 3286 quod

349 3283 526 3370 secundo
547 3284 642 3368 loco
662 3279 792 3398 posuit
812 3285 1099 3397 Hieronymus.

403 3400 588 3483 Alteram
608 3426 706 3514 ergo
730 3393 887 3480 causam
918 3396 1025 3478 hanc
1051 3389 1195 3504 affert,
1214 3425 1291 3480 cur

347 3513 554 3598 interdum
573 3514 739 3596 Patrum
762 3509 873 3592 diens
889 3505 1292 3615 offendamur‚nem.

348 3652 400 3740 pe
422 3627 537 3741 quod
558 3625 638 3712 alio
659 3620 793 3730 sensu,
814 3623 937 3738 quim
958 3618 1207 3738 scripserint,
1223 3628 1286 3739 ip-

380 3785 396 3821 ⁸
409 3787 494 3868 epist.
507 3797 559 3856 64.
