3036 4592
349 347 453 435 eccle
479 349 574 458 astic.
591 347 761 434 Codicum
774 347 1059 452 compuribus.
1125 375 1198 458 37.

236 459 408 547 'erimine
475 463 518 544 lsi
543 457 725 544 accusare
746 496 755 540 :
780 485 855 560 cur¹
872 456 983 540 nefas
1004 459 1052 542 sit
1069 461 1177 545 hanc

129 599 133 608 ’
241 573 362 690 ipsam
373 573 667 659 accusationem
680 568 880 657 veteribus
895 572 1107 654 Haereticis
1119 579 1176 657 in.

243 687 411 773 tendere
426 712 438 772 ἰ

1032 807 1054 856 s

945 905 1173 932 *η

450 1005 723 1130 ὈΑΡυτ
784 1045 882 1126 III.

244 1267 408 1338 Graecam
420 1254 658 1444 septuapinta
686 1262 868 1337 Saniorum
902 1265 1178 1361 Interpretatio-

345 1394 425 1444 nem
442 1363 542 1476 consi
557 1371 592 1444 td
619 1361 666 1460 ὠν
685 1365 867 1446 malitiosi
892 1366 915 1445 d
934 1369 1073 1472 Judaeir

540 1475 727 1590 autam
740 1477 858 1588 nu-

316 1775 317 1778 n
345 1701 494 1786 Tiamfi
511 1703 759 1798 concedatur
777 1706 900 1820 ipsum
922 1703 1177 1802 Hebraicum

343 1815 499 1898 fontem
516 1813 647 1900 sande
660 1817 812 1930 semper
822 1845 870 1899 ac
883 1813 1070 1930 religiose
1084 1841 1179 1894 con.

241 1927 441 2008 servatum
466 1925 575 2010 fuisse
602 1929 625 2009 ὲ
649 1929 824 2043 Judaeis3
850 1957 933 2009 non
959 1927 1112 2008 idcirco
1131 1930 1177 2006 ii-

242 2035 338 2118 dem
363 2037 525 2123 dicendi
552 2037 669 2143 sunt,
695 2040 867 2154 perfidas
897 2067 1036 2122 manus
1060 2035 1178 2120 absti-

239 2143 396 2232 nuulea‘
413 2147 558 2232 Graeca
577 2148 823 2269 septuaginta
833 2158 1045 2236 Seniorum
1054 2155 1178 2232 inter·
1307 2197 1309 2203 ,

241 2267 494 2376 pretatione:
514 2262 593 2347 five
611 2265 723 2348 illam
738 2267 819 2378 jam
843 2262 1048 2381 coepillent
1067 2266 1180 2376 parvi

242 2373 406 2480 facere,
436 2378 529 2484 quia
546 2379 916 2462 animadverterant
937 2383 980 2460 in
1003 2373 1180 2490 pluribus

239 2485 294 2568 ab
305 2487 515 2572 Hebraico
526 2513 640 2590 textu
651 2487 872 2604 discrepare
889 2489 989 2572 :sive
1000 2490 1096 2568 odio
1106 2487 1179 2568 ha-

238 2596 388 2684 herent
434 2627 571 2714 ropter
589 2607 868 2687 autoritatem
881 2671 892 2708 ,
904 2629 1024 2715 quam
1044 2605 1087 2682 in
1105 2603 1179 2683 Ec-

235 2711 366 2795 clesiis
421 2711 705 2797 hristianorum
724 2713 966 2818 obtinuerat,

296 2827 363 2906 Ac
391 2830 522 2939 primo
544 2825 701 2909 constat
719 2856 770 2911 ne
795 2828 896 2943 ipsos
918 2827 1082 2940 quidem
1106 2829 1179 2940 Ju-

228 2944 350 3029 daeos
375 2936 572 3022 inficiatos
597 2936 707 3022 fuisse
737 2937 1067 3056 discrepantiam,
1092 2965 1180 3050 quae

225 3081 317 3144 nec
335 3079 436 3156 una,
464 3079 540 3132 nec
560 3050 658 3134 levis
679 3059 785 3135 inter
807 3053 1060 3136 Hebraicum
1087 3049 1180 3130 fon·-

218 3197 321 3260 tem
338 3163 644 3278 &septuaginta
661 3169 842 3248 Seniores
851 3163 1077 3248 intercedit.
1090 3166 1178 3243 Into

220 3295 271 3372 &
306 3277 543 3360 Christianis
569 3275 722 3360 idcirco
753 3305 825 3392 per
852 3273 1089 3360 derisionem
1115 3299 1189 3386 eir·-v

219 3389 512 3515 probrabant,
534 3389 646 3502 quod
662 3414 874 3504 corruptos
893 3385 1043 3470 rivulos
1060 3381 1179 3468 seila-

216 3525 405 3604 rentur‚
446 3503 687 3614 puriffimum
721 3499 878 3584 fontem
917 3495 1180 3612 negligerent.
1306 3503 1308 3508 ’

213 3627 380 3728 Aeque
400 3610 485 3693 haec
508 3610 589 3728 ipsa
622 3611 737 3696 causa
758 3611 813 3704 est
826 3682 841 3717 ‚A
854 3639 946 3725 quae
975 3611 1178 3721 Hierony.

209 3753 352 3832 mum
369 3721 552 3830 induxit,
573 3753 618 3811 ut
634 3727 814 3840 linguam
836 3723 1083 3946 Hebgallcjam
1106 3721 1180 3806 ad-
