2896 4562
349 281 420 362 572
560 263 626 344 De
650 254 830 338 veteribus
849 262 1056 340 Hareticis

289 396 325 443 s>
351 364 533 448 tenditur
555 394 603 449 ac
620 363 841 482 probatur:
859 364 972 480 qubd
998 366 1142 478 liquid
1173 371 1215 448 in
1235 364 1285 447 li-

299 527 324 565 »2
350 476 430 559 bris
449 505 589 561 eorum
607 506 750 562 contra
762 480 1069 565 Ecclefiasticam
1092 477 1215 560 fidem
1230 482 1288 558 in·
1349 521 1352 526 ·

298 637 325 678 a
350 594 530 693 venitur,
547 592 591 673 id
609 591 798 675 insertum
817 591 868 674 ab
890 595 1099 676 Haereticis
1119 591 1286 703 potius,

297 751 324 790 η
349 702 470 814 quam
490 701 542 785 ab
561 703 622 785 his
642 703 731 818 ipsrs
749 702 936 820 scriptum
955 727 1130 818 putetur.
1145 708 1286 814 „Qrae
1418 789 1419 796 Ν

344 811 552 922 judicandi
564 817 704 931 regula
715 845 835 899 nemo
849 809 1064 919 nonvidet,
1076 815 1196 927 quim
1211 813 1286 896 fal.
1418 819 1419 912 i

251 947 262 968 ·
344 923 412 1008 lax
433 926 500 1032 stt,
520 927 641 1040 quam
661 929 872 1042 multiplici
895 933 1023 1012 errori
1040 928 1228 1009 obnoxia.

401 1042 525 1121 Hanc
575 1039 708 1124 uidem
729 1045 1006 1152 Hieronymus
1027 1037 1179 1123 Rufino
1204 1038 1282 1122 res-

294 1195 321 1237 »
344 1149 528 1262 pondens
545 1069 601 1234 lic
621 1153 805 1268 explodit
820 1169 889 1235 ‘zo
906 1157 955 1236 Et
974 1150 1210 1264 quomodo,
1225 1155 1283 1232 in.

293 1308 320 1347 „
345 1265 533 1372 quies,in
552 1263 662 1346 libris
678 1291 820 1348 eorum
840 1267 1030 1372 (Patrum
1043 1262 1191 1345 scilicet
1203 1265 1283 1345 Or-

292 1419 318 1458 „
350 1372 653 1478 thodoxorum)
673 1376 814 1458 vitiosa
824 1374 1022 1460 nonnulla
1039 1372 1201 1457 suntrsi
1215 1402 1283 1480 me

291 1485 476 1572 „causas
504 1491 693 1570 vitiorum
720 1487 869 1571 nescire
896 1485 967 1572 res
986 1487 1168 1591 ondero,
1197 1515 1284 1570 non

290 1645 317 1683 n
341 1596 475 1682 statim
488 1598 579 1684 illos
594 1603 819 1686 Haertticos
831 1517 1034 1712 judicabo.
1050 1603 1151 1682 Fieri
1172 1604 1283 1684 enim

290 1755 317 1797 ιι
340 1711 501 1823 potest,
520 1737 567 1797 ut
594 1712 657 1796 vel
686 1713 916 1828 simpliciter
942 1716 1192 1818 erraverint,
1217 1711 1284 1794 vel

259 1921 262 1928 ¹
289 1871 317 1910 s»
342 1822 422 1905 alio
447 1822 557 1908 sensu
586 1824 838 1942 scripserint,
860 1824 923 1908 vel
945 1823 969 1908 a
992 1823 1182 1908 Librariis
1204 1828 1282 1906 im-

289 1984 315 2024 „
341 1940 625 2047 peritiseorum
636 1939 830 2053 paulatim
840 1936 984 2052 scripta
994 1964 1186 2053 corrupta
1196 1937 1281 2020 fint.

288 2095 316 2136 n
341 2047 421 2134 Vel
446 2050 558 2136 certb
584 2075 803 2164 antequam
828 2057 871 2134 in
896 2050 1146 2132 Alexandria
1172 2047 1279 2161 quas

288 2161 600 2248 »s'Daemooium
613 2163 881 2244 meridianum
893 2161 1025 2264 ,Arius
1036 2161 1286 2265 nasceretur,

286 2319 313 2358 „
338 2271 580 2353 innocenter
599 2271 783 2383 quadam
803 2281 844 2356 δι
863 2277 992 2352 minus
1011 2270 1132 2350 caute
1149 2266 1286 2354 locuti

285 2429 312 2472 „
338 2374 451 2488 sunt,
469 2409 556 2495 quae
579 2411 663 2464 non
680 2381 821 2496 poffint
847 2376 1123 2497 perversorum
1143 2379 1283 2465 homi.

286 2541 312 2587 „
339 2520 436 2578 num
466 2494 707 2580 calumniam
734 2493 950 2580 declinare.
970 2528 996 2569 u
1023 2491 1106 2574 Ubi
1133 2521 1282 2608 prater

338 2607 638 2694 Haeretieorum
671 2607 880 2722 perfidiam
906 2623 1082 2720 quatuor
1106 2612 1279 2690 omnino

337 2719 473 2805 causas
497 2721 622 2808 refert
652 2725 956 2834 Hieronymus,
982 2747 1054 2802 cur
1078 2722 1120 2800 in
1148 2725 1281 2835 operi-

338 2830 411 2916 bus
436 2835 602 2920 Patrum
631 2833 827 2920 nonnulla
852 2831 956 2939 frat,
985 2859 1073 2946 quae
1106 2860 1180 2916 nos
1212 2831 1279 2916 of-

336 2943 520 3032 fendant.

381 3061 518 3144 Prima
534 3057 648 3144 causa
662 3057 870 3172 est‚,qubd
890 3059 947 3143 illi
960 3125 971 3164 ‚
983 3078 1126 3172 utpote
1140 3055 1277 3138 homi.

279 3207 282 3217 ·
335 3199 431 3279 nes,
450 3172 532 3256 labi
550 3177 784 3288 potuerint,
807 3171 960 3285 sintque
985 3171 1113 3256 errori
1142 3166 1277 3250 obno-

335 3289 402 3372 xii.
424 3289 520 3369 Hoc
538 3282 662 3401 ipsum
676 3286 728 3370 de
744 3282 782 3368 se
799 3311 846 3366 ac
857 3283 939 3369 ,suis
959 3280 1145 3396 operibus
1162 3306 1279 3394 aper.

324 3379 380 3487 ’τὲ
403 3395 598 3512 significat
623 3395 773 3482 sanetus
794 3391 1177 3513 Augustinus,cl1m
1201 3421 1274 3478 ne.

333 3540 405 3633 gat
428 3513 579 3626 scriptis
608 3509 680 3594 suis
707 3512 944 3594 canonicam
970 3505 1135 3590 attribui
1165 3503 1278 3620 polle

370 3669 477 3750 *Apol
487 3668 551 3731 adv·
570 3664 632 3728 Rus.
646 3665 694 3727 lib.
708 3685 732 3722 t.
755 3681 826 3726 tom.
839 3681 868 3736 4-
881 3677 946 3744 pag.
963 3679 1032 3732 409.
