3012 4574
382 355 455 452 348
608 359 682 456 ,De
695 349 874 430 veteribus
889 359 1097 434 Haereticir

334 488 450 540 unes
474 463 579 542 Astis
603 465 751 573 quintae
780 463 930 574 Synodi
958 462 1099 546 recens
1125 464 1315 562 adnexuit

334 602 358 637 ν’
384 569 532 654 Rursus
554 573 650 655 vero
676 573 774 655 dum
801 579 844 654 in
871 573 980 656 sexta
1005 575 1168 686 Synodo
1198 577 1316 657 Anio

333 714 358 750 n
384 681 548 795 septima
565 691 713 798 quintae
734 685 886 798 Synodi
909 686 1132 800 legeretur,
1159 687 1246 770 duae
1272 692 1316 768 in

333 809 358 862 u
382 820 430 874 ea
465 794 728 912 superaddita:
772 797 952 911 Epistoiae
995 797 1166 882 inventu:
1202 797 1315 902 sunt,

332 938 357 976 ‘a
383 907 520 1020 Vigilii
549 911 666 1022 Papae
693 914 866 992 nomine'
889 907 1114 1023 inscripta,
1144 939 1314 1025 quarum
1357 937 1363 954 ·

331 1051 357 1088 ν
381 1017 509 1100 altera
528 1021 582 1101 ad
600 1020 864 1136 Justinianum
882 1025 1197 1136 Imperatorem,
1217 1021 1314 1104 aite-

331 1162 357 1199 u
381 1157 426 1210 ra
457 1133 553 1213 vero
581 1133 634 1214 ad
666 1133 933 1216 Theodoram
968 1133 1188 1249 Augustam
1217 1134 1314 1217 data

307 1246 309 1254 ’
330 1275 356 1312 u
380 1240 627 1327 haberetur:
657 1245 798 1357 quibus
819 1245 958 1360 Vigiiii
972 1247 1028 1328 Pa
1057 1275 1089 1328 ae
1110 1247 1161 1331 de
1178 1273 1257 1329 una
1270 1252 1313 1328 in

330 1387 355 1424 u
382 1354 542 1436 Christo
578 1362 814 1470 operatione
853 1355 949 1442 esset
985 1387 1008 1440 a
1039 1363 1176 1466 ertio,
1215 1386 1312 1471 quas

329 1498 355 1538 η
380 1472 674 1551 commentitias
690 1493 813 1581 atque
832 1463 1045 1585 suppositas
1059 1471 1182 1553 iidem
1201 1471 1312 1584 Apo-

328 1559 524 1660 u'stolicae
544 1576 643 1664 sedis
673 1584 816 1695 Legati
840 1581 1051 1665 manifesse
1079 1581 1313 1698 probarunt.

328 1724 354 1760 υ
379 1691 559 1804 Πεῑεᾶκ
578 1691 668 1776 sunt
695 1692 889 1804 ejusmodi
913 1695 1211 1778 Haereticorum
1236 1699 1312 1776 im.

267 1899 268 1902 p
327 1835 354 1872 ι’
378 1802 546 1918 ppsturae
563 1809 606 1886 in
616 1807 786 1890 Aetione
803 1807 960 1891 decima
974 1830 1119 1921 quarta
1137 1803 1313 1918 ejusdem

328 1947 353 1986 u
379 1913 496 2014 sexta:
525 1918 700 2030 Synodi,
728 1924 772 2001 in
796 1947 877 2033 qua
902 1920 1053 2003 didtum
1076 1919 1133 2002 est
1164 1922 1316 2034 pariter

327 2033 355 2099 ἰ’
378 2028 659 2114 anathemain
683 2057 773 2135 eos,
797 2035 867 2146 qui
881 2060 1047 2146 quoquo
1070 2031 1195 2114 modo
1214 2056 1314 2113 ean-

326 2172 353 2212 u
379 2138 472 2221 dem
496 2144 679 2252 quintam
707 2144 914 2256 Synodum
932 2166 1208 2256 corruperunt.
1239 2145 1325 2223 vi..

327 2285 353 2323 n
381 2251 450 2332 des
478 2255 489 2333 i
520 2256 620 2360 itur,
650 2256 771 2369 quim
809 2253 932 2336 fuerit
957 2259 1099 2366 quinta
1127 2250 1312 2364 Synodus

290 2407 295 2416 ·
329 2397 353 2435 υ
378 2387 508 2446 tuma
565 2364 823 2482 origenistis,
853 2387 941 2450 tum
961 2367 1084 2447 etiam
1113 2364 1313 2450 {Mono-

327 2509 352 2548 νο
378 2477 533 2560 thelitis
548 2478 708 2562 diversis
727 2474 975 2590 temporibus
993 2476 1208 2560 lancinata.

328 2635 330 2644 ,
434 2589 549 2674 Idem
568 2595 692 2674 etiam
711 2589 846 2674 multis
861 2594 904 2672 in
922 2589 1022 2671 locis
1041 2577 1377 2674 adulteratam'
1484 2671 1486 2708 ,

374 2701 530 2785 suissed
559 2707 712 2787 Graecis
732 2701 884 2797 sextam
906 2701 1115 2818 Synodum
1148 2726 1313 2786 conten-

376 2815 447 2898 dit.
479 2816 652 2916 Eadem‚
678 2843 766 2930 quae
791 2821 1012 2921 Batonius,
1033 2813 1087 2900 de
1110 2819 1250 2929 quinta
1273 2823 1314 2898 &

376 2927 484 3010 sexta
512 2929 677 3040 Synodo
704 2926 854 3042 scripsit
872 2933 1007 3012 Binius
1027 2945 1042 2978 ²
1070 2933 1112 3008 in
1132 2931 1239 3008 notis
1258 2927 1312 3007 ad

377 3037 1115 3154 Conciiium-Constantinopolitanum
1134 3042 1311 3144 tertium,

375 3153 488 3266 quod
508 3139 663 3237 sextum
681 3151 737 3236 est
756 3154 1088 3235 Oecumenicum.

430 3271 519 3348 Scio
551 3265 808 3377 Synodorum
836 3269 985 3376 quintae
1011 3271 1052 3347 δι
1078 3259 1198 3344 sexta:
1218 3263 1311 3346 ioca

375 3381 525 3484 multa,
550 3407 637 3491 quae
661 3381 855 3488 Batonius
880 3373 1020 3458 fllsata
1044 3371 1122 3476 effe
1140 3401 1309 3460 conten-

376 3493 459 3596 dit,
478 3492 530 3574 ab
552 3491 813 3574 eruditissimis
833 3489 1098 3603 Scriptoribus
1116 3511 1311 3602 tanquam

375 3609 549 3719 genuina
578 3613 619 3689 &
638 3602 799 3686 -fincera
831 3630 938 3686 nunc
976 3599 1141 3687 defendi
1179 3600 1313 3685 multis

398 3747 468 3810 ‘Ad
484 3750 626 3807 annno.
645 3751 710 3806 681.
726 3750 790 3804 ὀὴ.
