<?xml version="1.0" encoding="UTF-8"?>
<!DOCTYPE html PUBLIC "-//W3C//DTD XHTML 1.0 Transitional//EN"
    "http://www.w3.org/TR/xhtml1/DTD/xhtml1-transitional.dtd">
<html xmlns="http://www.w3.org/1999/xhtml" xml:lang="en" lang="en">
 <head>
  <title>
</title>
<meta http-equiv="Content-Type" content="text/html;charset=utf-8" />
  <meta name='ocr-system' content='tesseract 3.04.00' />
  <meta name='ocr-capabilities' content='ocr_page ocr_carea ocr_par ocr_line ocrx_word'/>
</head>
<body>
  <div class='ocr_page' id='page_1' title='image "./deveteribushret00germgoog_0069.png"; bbox 0 0 3036 4592; ppageno 0'>
   <div class='ocr_carea' id='block_1_1' title="bbox 402 307 1170 425">
    <p class='ocr_par' dir='ltr' id='par_1_1' title="bbox 402 307 1170 425">
     <span class='ocr_line' id='line_1_1' title="bbox 402 307 1170 425; baseline 0 -23"><span class='ocrx_word' id='word_1_1' title='bbox 402 319 463 425; x_wconf 79' lang='grc'><strong>’46</strong></span> <span class='ocrx_word' id='word_1_2' title='bbox 606 317 691 402; x_wconf 69' lang='grc' dir='ltr'><strong>Ἧι</strong></span> <span class='ocrx_word' id='word_1_3' title='bbox 705 307 893 400; x_wconf 59' lang='lat' dir='ltr'><strong>‘eruribus</strong></span> <span class='ocrx_word' id='word_1_4' title='bbox 910 311 1119 403; x_wconf 71' lang='lat' dir='ltr'><strong>Haermrre&#39;</strong></span> <span class='ocrx_word' id='word_1_5' title='bbox 1165 317 1170 327; x_wconf 79' lang='grc'><em>“</em></span> 
     </span>
    </p>
   </div>
   <div class='ocr_carea' id='block_1_2' title="bbox 290 422 1445 2230">
    <p class='ocr_par' dir='ltr' id='par_1_2' title="bbox 290 422 1445 2230">
     <span class='ocr_line' id='line_1_2' title="bbox 460 422 1445 543; baseline -0.003 -27"><span class='ocrx_word' id='word_1_6' title='bbox 460 433 513 516; x_wconf 86' lang='lat' dir='ltr'><strong>V.</strong></span> <span class='ocrx_word' id='word_1_7' title='bbox 535 429 638 542; x_wconf 78' lang='lat' dir='ltr'><strong>Qtae</strong></span> <span class='ocrx_word' id='word_1_8' title='bbox 666 432 771 510; x_wconf 87' lang='lat' dir='ltr'><strong>ratio</strong></span> <span class='ocrx_word' id='word_1_9' title='bbox 793 426 1027 543; x_wconf 80' lang='lat' dir='ltr'><strong>Judaeorum</strong></span> <span class='ocrx_word' id='word_1_10' title='bbox 1050 422 1243 541; x_wconf 86' lang='lat' dir='ltr'><strong>magistris</strong></span> <span class='ocrx_word' id='word_1_11' title='bbox 1261 429 1340 514; x_wconf 60' lang='lat' dir='ltr'><strong>suaa</strong></span> <span class='ocrx_word' id='word_1_12' title='bbox 1443 441 1445 447; x_wconf 82' lang='grc'><strong>’</strong></span> 
     </span>
     <span class='ocr_line' id='line_1_3' title="bbox 290 533 1347 654; baseline 0.004 -31"><span class='ocrx_word' id='word_1_13' title='bbox 290 601 295 612; x_wconf 74' lang='lat'><em>·</em></span> <span class='ocrx_word' id='word_1_14' title='bbox 347 533 357 562; x_wconf 80' lang='lat'><strong><em>¹</em></strong></span> <span class='ocrx_word' id='word_1_15' title='bbox 405 542 481 646; x_wconf 86' lang='lat' dir='ltr'><strong>fit,</strong></span> <span class='ocrx_word' id='word_1_16' title='bbox 506 564 552 624; x_wconf 88' lang='lat' dir='ltr'><strong>ut</strong></span> <span class='ocrx_word' id='word_1_17' title='bbox 572 540 627 622; x_wconf 89' lang='lat' dir='ltr'><strong>ad</strong></span> <span class='ocrx_word' id='word_1_18' title='bbox 648 541 836 622; x_wconf 80' lang='lat' dir='ltr'><strong>Graecam</strong></span> <span class='ocrx_word' id='word_1_19' title='bbox 862 537 1113 654; x_wconf 79' lang='lat' dir='ltr'>septuaginta</span> <span class='ocrx_word' id='word_1_20' title='bbox 1135 545 1347 626; x_wconf 67' lang='lat' dir='ltr'><strong>Seniorum⁴</strong></span> 
     </span>
     <span class='ocr_line' id='line_1_4' title="bbox 405 644 1342 768; baseline -0.009 -30"><span class='ocrx_word' id='word_1_21' title='bbox 405 656 781 768; x_wconf 80' lang='lat' dir='ltr'><strong>interpretationem</strong></span> <span class='ocrx_word' id='word_1_22' title='bbox 799 650 1108 737; x_wconf 69' lang='lat' dir='ltr'>adulterandam</span> <span class='ocrx_word' id='word_1_23' title='bbox 1127 644 1164 738; x_wconf 91' lang='lat' dir='ltr'><strong>se</strong></span> <span class='ocrx_word' id='word_1_24' title='bbox 1179 683 1342 739; x_wconf 85' lang='lat' dir='ltr'><strong>conver.</strong></span> 
     </span>
     <span class='ocr_line' id='line_1_5' title="bbox 407 761 1342 868; baseline 0.001 -17"><span class='ocrx_word' id='word_1_25' title='bbox 407 791 541 852; x_wconf 88' lang='lat' dir='ltr'><strong>terent</strong></span> <span class='ocrx_word' id='word_1_26' title='bbox 558 801 567 848; x_wconf 73' lang='grc' dir='ltr'><strong><em>ε</em></strong></span> <span class='ocrx_word' id='word_1_27' title='bbox 583 761 757 848; x_wconf 79' lang='lat' dir='ltr'><strong>eandem-</strong></span> <span class='ocrx_word' id='word_1_28' title='bbox 772 762 863 846; x_wconf 86' lang='lat' dir='ltr'><strong>sane</strong></span> <span class='ocrx_word' id='word_1_29' title='bbox 879 788 1034 848; x_wconf 84' lang='lat' dir='ltr'><strong>veteres</strong></span> <span class='ocrx_word' id='word_1_30' title='bbox 1045 769 1272 868; x_wconf 83' lang='lat' dir='ltr'><strong>Haereticos</strong></span> <span class='ocrx_word' id='word_1_31' title='bbox 1287 774 1342 854; x_wconf 84' lang='lat' dir='ltr'><strong>in-</strong></span> 
     </span>
     <span class='ocr_line' id='line_1_6' title="bbox 408 874 1342 994; baseline -0.004 -28"><span class='ocrx_word' id='word_1_32' title='bbox 408 880 558 966; x_wconf 80' lang='lat' dir='ltr'><strong>ducere</strong></span> <span class='ocrx_word' id='word_1_33' title='bbox 579 874 767 992; x_wconf 80' lang='lat' dir='ltr'><strong>potuiiie,</strong></span> <span class='ocrx_word' id='word_1_34' title='bbox 793 900 838 958; x_wconf 91' lang='lat' dir='ltr'><strong>ut</strong></span> <span class='ocrx_word' id='word_1_35' title='bbox 853 875 976 959; x_wconf 86' lang='lat' dir='ltr'><strong>srmiie</strong></span> <span class='ocrx_word' id='word_1_36' title='bbox 995 875 1119 961; x_wconf 79' lang='lat' dir='ltr'><strong>scelus</strong></span> <span class='ocrx_word' id='word_1_37' title='bbox 1137 905 1342 994; x_wconf 84' lang='lat' dir='ltr'><strong>perpetra-</strong></span> 
     </span>
     <span class='ocr_line' id='line_1_7' title="bbox 406 985 1344 1104; baseline -0.002 -28"><span class='ocrx_word' id='word_1_38' title='bbox 406 1015 510 1076; x_wconf 87' lang='lat' dir='ltr'><strong>rent.</strong></span> <span class='ocrx_word' id='word_1_39' title='bbox 539 987 753 1072; x_wconf 84' lang='lat' dir='ltr'><strong>Doiebant</strong></span> <span class='ocrx_word' id='word_1_40' title='bbox 768 987 897 1104; x_wconf 80' lang='lat' dir='ltr'><strong>Judaei</strong></span> <span class='ocrx_word' id='word_1_41' title='bbox 918 993 1140 1104; x_wconf 75' lang='lat' dir='ltr'><strong>Scripturas</strong></span> <span class='ocrx_word' id='word_1_42' title='bbox 1157 989 1241 1073; x_wconf 83' lang='lat' dir='ltr'><strong>suas</strong></span> <span class='ocrx_word' id='word_1_43' title='bbox 1267 985 1344 1074; x_wconf 83' lang='lat' dir='ltr'><strong>effe</strong></span> 
     </span>
     <span class='ocr_line' id='line_1_8' title="bbox 410 1102 1344 1216; baseline -0.004 -28"><span class='ocrx_word' id='word_1_44' title='bbox 410 1102 734 1189; x_wconf 86' lang='lat' dir='ltr'><strong>Christianorum</strong></span> <span class='ocrx_word' id='word_1_45' title='bbox 764 1105 1149 1207; x_wconf 82' lang='lat' dir='ltr'><strong>armamentarium,</strong></span> <span class='ocrx_word' id='word_1_46' title='bbox 1180 1131 1231 1188; x_wconf 86' lang='lat' dir='ltr'><strong>ex</strong></span> <span class='ocrx_word' id='word_1_47' title='bbox 1262 1133 1344 1216; x_wconf 91' lang='lat' dir='ltr'><strong>quo</strong></span> 
     </span>
     <span class='ocr_line' id='line_1_9' title="bbox 407 1210 1346 1330; baseline -0.005 -32"><span class='ocrx_word' id='word_1_48' title='bbox 407 1214 617 1298; x_wconf 82' lang='lat' dir='ltr'><strong>certiffima</strong></span> <span class='ocrx_word' id='word_1_49' title='bbox 640 1213 681 1295; x_wconf 89' lang='lat' dir='ltr'><strong>in</strong></span> <span class='ocrx_word' id='word_1_50' title='bbox 701 1210 739 1296; x_wconf 90' lang='lat' dir='ltr'><strong>se</strong></span> <span class='ocrx_word' id='word_1_51' title='bbox 763 1222 803 1296; x_wconf 76' lang='lat' dir='ltr'><strong>dr</strong></span> <span class='ocrx_word' id='word_1_52' title='bbox 827 1218 1082 1330; x_wconf 71' lang='lat' dir='ltr'><strong>synagogam</strong></span> <span class='ocrx_word' id='word_1_53' title='bbox 1111 1215 1194 1300; x_wconf 85' lang='lat' dir='ltr'><strong>teia</strong></span> <span class='ocrx_word' id='word_1_54' title='bbox 1216 1221 1346 1300; x_wconf 89' lang='lat' dir='ltr'><strong>intor.</strong></span> 
     </span>
     <span class='ocr_line' id='line_1_10' title="bbox 407 1329 1342 1443; baseline 0 -33"><span class='ocrx_word' id='word_1_55' title='bbox 407 1338 656 1440; x_wconf 70' lang='lat' dir='ltr'><strong>querentur·</strong></span> <span class='ocrx_word' id='word_1_56' title='bbox 671 1329 840 1410; x_wconf 86' lang='lat' dir='ltr'><strong>Veteres</strong></span> <span class='ocrx_word' id='word_1_57' title='bbox 860 1331 1054 1414; x_wconf 80' lang='lat' dir='ltr'><strong>Haeretici</strong></span> <span class='ocrx_word' id='word_1_58' title='bbox 1078 1334 1229 1443; x_wconf 89' lang='lat' dir='ltr'><strong>pariter</strong></span> <span class='ocrx_word' id='word_1_59' title='bbox 1255 1359 1342 1412; x_wconf 91' lang='lat' dir='ltr'><strong>mo-</strong></span> 
     </span>
     <span class='ocr_line' id='line_1_11' title="bbox 407 1437 1352 1526; baseline 0 -4"><span class='ocrx_word' id='word_1_60' title='bbox 407 1437 503 1522; x_wconf 86' lang='lat' dir='ltr'><strong>leste</strong></span> <span class='ocrx_word' id='word_1_61' title='bbox 537 1437 723 1525; x_wconf 86' lang='lat' dir='ltr'><strong>ferebant</strong></span> <span class='ocrx_word' id='word_1_62' title='bbox 741 1442 894 1521; x_wconf 68' lang='lat' dir='ltr'><strong>¹Sacrae</strong></span> <span class='ocrx_word' id='word_1_63' title='bbox 916 1444 1088 1523; x_wconf 84' lang='lat' dir='ltr'><strong>Litteras</strong></span> <span class='ocrx_word' id='word_1_64' title='bbox 1121 1442 1352 1526; x_wconf 77' lang='lat' dir='ltr'><strong>Catholicis·</strong></span> 
     </span>
     <span class='ocr_line' id='line_1_12' title="bbox 405 1546 1345 1664; baseline -0.004 -26"><span class='ocrx_word' id='word_1_65' title='bbox 405 1578 521 1638; x_wconf 81' lang='lat' dir='ltr'><strong>arma</strong></span> <span class='ocrx_word' id='word_1_66' title='bbox 558 1546 885 1654; x_wconf 75' lang='lat' dir='ltr'><strong>subministrare,</strong></span> <span class='ocrx_word' id='word_1_67' title='bbox 915 1551 1056 1664; x_wconf 87' lang='lat' dir='ltr'><strong>quibus</strong></span> <span class='ocrx_word' id='word_1_68' title='bbox 1096 1581 1250 1637; x_wconf 85' lang='lat' dir='ltr'><strong>errores</strong></span> <span class='ocrx_word' id='word_1_69' title='bbox 1274 1552 1345 1635; x_wconf 86' lang='lat' dir='ltr'><strong>.sui</strong></span> 
     </span>
     <span class='ocr_line' id='line_1_13' title="bbox 406 1663 1349 1773; baseline 0.001 -25"><span class='ocrx_word' id='word_1_70' title='bbox 406 1663 741 1754; x_wconf 78' lang='lat' dir='ltr'><strong>confoderentur.</strong></span> <span class='ocrx_word' id='word_1_71' title='bbox 774 1663 913 1773; x_wconf 77' lang='lat' dir='ltr'><strong>Qare</strong></span> <span class='ocrx_word' id='word_1_72' title='bbox 935 1667 1083 1756; x_wconf 79' lang='lat' dir='ltr'><strong>mirum</strong></span> <span class='ocrx_word' id='word_1_73' title='bbox 1102 1685 1186 1746; x_wconf 89' lang='lat' dir='ltr'><strong>non</strong></span> <span class='ocrx_word' id='word_1_74' title='bbox 1214 1666 1296 1770; x_wconf 84' lang='lat' dir='ltr'><strong>est,</strong></span> <span class='ocrx_word' id='word_1_75' title='bbox 1318 1663 1349 1749; x_wconf 65' lang='lat' dir='ltr'><strong>sn</strong></span> 
     </span>
     <span class='ocr_line' id='line_1_14' title="bbox 392 1773 1347 1906; baseline -0.003 -44"><span class='ocrx_word' id='word_1_76' title='bbox 392 1776 755 1891; x_wconf 78' lang='lat' dir='ltr'><strong>quemadmodum</strong></span> <span class='ocrx_word' id='word_1_77' title='bbox 769 1773 899 1894; x_wconf 86' lang='lat' dir='ltr'><strong>Judaei</strong></span> <span class='ocrx_word' id='word_1_78' title='bbox 918 1777 1107 1865; x_wconf 80' lang='lat' dir='ltr'><strong>Graecam</strong></span> <span class='ocrx_word' id='word_1_79' title='bbox 1124 1775 1347 1906; x_wconf 67' lang='lat' dir='ltr'><strong>septuagin-</strong></span> 
     </span>
     <span class='ocr_line' id='line_1_15' title="bbox 408 1891 1356 2004; baseline -0.008 -26"><span class='ocrx_word' id='word_1_80' title='bbox 408 1894 838 2004; x_wconf 81' lang='lat' dir='ltr'><strong>tainterpretationem</strong></span> <span class='ocrx_word' id='word_1_81' title='bbox 849 1914 1136 2004; x_wconf 85' lang='lat' dir='ltr'><strong>corruperunt:</strong></span> <span class='ocrx_word' id='word_1_82' title='bbox 1150 1891 1213 1974; x_wconf 71' lang='lat' dir='ltr'><strong>&#39;rra</strong></span> <span class='ocrx_word' id='word_1_83' title='bbox 1224 1894 1356 1978; x_wconf 82' lang='lat' dir='ltr'><strong>ctiam·</strong></span> 
     </span>
     <span class='ocr_line' id='line_1_16' title="bbox 407 1999 1356 2113; baseline -0.003 -26"><span class='ocrx_word' id='word_1_84' title='bbox 407 2003 607 2087; x_wconf 80' lang='lat' dir='ltr'><strong>Haeretici</strong></span> <span class='ocrx_word' id='word_1_85' title='bbox 619 1999 829 2113; x_wconf 86' lang='lat' dir='ltr'><strong>scripturas</strong></span> <span class='ocrx_word' id='word_1_86' title='bbox 847 2007 991 2088; x_wconf 72' lang='lat' dir='ltr'><strong>omnec</strong></span> <span class='ocrx_word' id='word_1_87' title='bbox 1003 2002 1206 2088; x_wconf 86' lang='lat' dir='ltr'><strong>violare&amp;</strong></span> <span class='ocrx_word' id='word_1_88' title='bbox 1221 2005 1356 2086; x_wconf 85' lang='lat' dir='ltr'><strong>inter-·</strong></span> 
     </span>
     <span class='ocr_line' id='line_1_17' title="bbox 408 2114 814 2230; baseline -0.007 -32"><span class='ocrx_word' id='word_1_89' title='bbox 408 2114 549 2230; x_wconf 85' lang='lat' dir='ltr'><strong>polare</strong></span> <span class='ocrx_word' id='word_1_90' title='bbox 571 2119 708 2198; x_wconf 83' lang='lat' dir='ltr'><strong>conati</strong></span> <span class='ocrx_word' id='word_1_91' title='bbox 722 2115 814 2196; x_wconf 81' lang='lat' dir='ltr'><strong>srnt.</strong></span> 
     </span>
    </p>
   </div>
   <div class='ocr_carea' id='block_1_3' title="bbox 956 2333 1354 2354">
    <p class='ocr_par' dir='ltr' id='par_1_3' title="bbox 956 2333 1354 2354">
     <span class='ocr_line' id='line_1_18' title="bbox 956 2333 1354 2354; baseline -0.005 0"><span class='ocrx_word' id='word_1_92' title='bbox 956 2333 1354 2354; x_wconf 54' lang='grc' dir='ltr'><em>Μ</em></span> 
     </span>
    </p>
   </div>
   <div class='ocr_carea' id='block_1_4' title="bbox 699 2471 1052 2560">
    <p class='ocr_par' dir='ltr' id='par_1_4' title="bbox 699 2471 1052 2560">
     <span class='ocr_line' id='line_1_19' title="bbox 699 2471 1052 2560; baseline 0.011 -8"><span class='ocrx_word' id='word_1_93' title='bbox 699 2471 909 2556; x_wconf 67' lang='lat' dir='ltr'><strong>error</strong></span> <span class='ocrx_word' id='word_1_94' title='bbox 968 2475 1052 2560; x_wconf 85' lang='lat' dir='ltr'><strong>IV.</strong></span> 
     </span>
    </p>
   </div>
   <div class='ocr_carea' id='block_1_5' title="bbox 348 2677 1356 3019">
    <p class='ocr_par' dir='ltr' id='par_1_5' title="bbox 348 2677 1356 3019">
     <span class='ocr_line' id='line_1_20' title="bbox 411 2677 1356 2796; baseline -0.004 -30"><span class='ocrx_word' id='word_1_95' title='bbox 411 2679 593 2775; x_wconf 64' lang='lat' dir='ltr'><strong>Subdola</strong></span> <span class='ocrx_word' id='word_1_96' title='bbox 617 2677 725 2785; x_wconf 77' lang='lat' dir='ltr'><strong>furffi</strong></span> <span class='ocrx_word' id='word_1_97' title='bbox 756 2707 817 2762; x_wconf 82' lang='lat' dir='ltr'><strong>nec</strong></span> <span class='ocrx_word' id='word_1_98' title='bbox 838 2679 938 2794; x_wconf 59' lang='lat' dir='ltr'><strong>fictir</strong></span> <span class='ocrx_word' id='word_1_99' title='bbox 960 2682 1091 2788; x_wconf 78' lang='lat' dir='ltr'><strong>fideles</strong></span> <span class='ocrx_word' id='word_1_100' title='bbox 1119 2678 1327 2796; x_wconf 75' lang='lat' dir='ltr'><strong>Symacdi</strong></span> <span class='ocrx_word' id='word_1_101' title='bbox 1335 2741 1356 2780; x_wconf 80' lang='lat'>‚</span> 
     </span>
     <span class='ocr_line' id='line_1_21' title="bbox 458 2791 1353 2911; baseline -0.002 -35"><span class='ocrx_word' id='word_1_102' title='bbox 458 2797 557 2911; x_wconf 79' lang='lat' dir='ltr'><strong>ficut</strong></span> <span class='ocrx_word' id='word_1_103' title='bbox 584 2791 631 2889; x_wconf 64' lang='lat' dir='ltr'><strong>dr·</strong></span> <span class='ocrx_word' id='word_1_104' title='bbox 659 2791 913 2876; x_wconf 68' lang='lat' dir='ltr'><strong>Theodoriana</strong></span> <span class='ocrx_word' id='word_1_105' title='bbox 936 2821 1049 2906; x_wconf 81' lang='lat' dir='ltr'><strong>arque</strong></span> <span class='ocrx_word' id='word_1_106' title='bbox 1078 2795 1259 2906; x_wconf 76' lang='lat' dir='ltr'><strong>Aqutlae,</strong></span> <span class='ocrx_word' id='word_1_107' title='bbox 1284 2803 1353 2900; x_wconf 79' lang='lat' dir='ltr'><strong>Ju-</strong></span> 
     </span>
     <span class='ocr_line' id='line_1_22' title="bbox 348 2911 1334 3019; baseline -0.001 -25"><span class='ocrx_word' id='word_1_108' title='bbox 348 2971 360 3003; x_wconf 56' lang='grc' dir='ltr'><em>Ι</em></span> <span class='ocrx_word' id='word_1_109' title='bbox 466 2911 697 3013; x_wconf 60' lang='lat' dir='ltr'><strong>dairaatr&#39;unr</strong></span> <span class='ocrx_word' id='word_1_110' title='bbox 717 2914 991 2992; x_wconf 78' lang='lat' dir='ltr'><strong>Haerericorum</strong></span> <span class='ocrx_word' id='word_1_111' title='bbox 1002 2923 1334 3019; x_wconf 61' lang='lat' dir='ltr'><strong>[numerationes.</strong></span> 
     </span>
    </p>
   </div>
   <div class='ocr_carea' id='block_1_6' title="bbox 349 3125 1365 3814">
    <p class='ocr_par' dir='ltr' id='par_1_6' title="bbox 349 3125 1365 3814">
     <span class='ocr_line' id='line_1_23' title="bbox 549 3125 1355 3250; baseline 0.002 -35"><span class='ocrx_word' id='word_1_112' title='bbox 549 3133 620 3216; x_wconf 91' lang='lat' dir='ltr'><strong>On</strong></span> <span class='ocrx_word' id='word_1_113' title='bbox 636 3131 760 3215; x_wconf 89' lang='lat' dir='ltr'><strong>solam</strong></span> <span class='ocrx_word' id='word_1_114' title='bbox 773 3125 880 3216; x_wconf 78' lang='lat' dir='ltr'><strong>hanc</strong></span> <span class='ocrx_word' id='word_1_115' title='bbox 898 3135 1026 3250; x_wconf 81' lang='lat' dir='ltr'><strong>Judaei</strong></span> <span class='ocrx_word' id='word_1_116' title='bbox 1040 3135 1225 3218; x_wconf 84' lang='lat' dir='ltr'><strong>fraudem</strong></span> <span class='ocrx_word' id='word_1_117' title='bbox 1245 3163 1355 3217; x_wconf 83' lang='lat' dir='ltr'><strong>com-</strong></span> 
     </span>
     <span class='ocr_line' id='line_1_24' title="bbox 546 3243 1353 3360; baseline 0.006 -33"><span class='ocrx_word' id='word_1_118' title='bbox 546 3243 758 3349; x_wconf 89' lang='lat' dir='ltr'><strong>miserunt,</strong></span> <span class='ocrx_word' id='word_1_119' title='bbox 790 3271 834 3328; x_wconf 92' lang='lat' dir='ltr'><strong>ut</strong></span> <span class='ocrx_word' id='word_1_120' title='bbox 868 3247 1168 3331; x_wconf 81' lang='lat' dir='ltr'><strong>celeberrimam</strong></span> <span class='ocrx_word' id='word_1_121' title='bbox 1198 3246 1353 3360; x_wconf 84' lang='lat' dir='ltr'><strong>septua-</strong></span> 
     </span>
     <span class='ocr_line' id='line_1_25' title="bbox 349 3357 1351 3476; baseline 0.001 -32"><span class='ocrx_word' id='word_1_122' title='bbox 349 3423 354 3432; x_wconf 79' lang='lat'>.</span> <span class='ocrx_word' id='word_1_123' title='bbox 416 3368 530 3476; x_wconf 84' lang='lat' dir='ltr'><strong>ginta</strong></span> <span class='ocrx_word' id='word_1_124' title='bbox 541 3365 750 3446; x_wconf 74' lang='lat' dir='ltr'><strong>seniorum</strong></span> <span class='ocrx_word' id='word_1_125' title='bbox 765 3361 1142 3474; x_wconf 86' lang='lat' dir='ltr'><strong>interpretationem</strong></span> <span class='ocrx_word' id='word_1_126' title='bbox 1151 3357 1351 3446; x_wconf 81' lang='lat' dir='ltr'><strong>falsarent.</strong></span> 
     </span>
     <span class='ocr_line' id='line_1_26' title="bbox 417 3467 1360 3588; baseline -0.003 -29"><span class='ocrx_word' id='word_1_127' title='bbox 417 3473 549 3559; x_wconf 86' lang='lat' dir='ltr'><strong>iidem</strong></span> <span class='ocrx_word' id='word_1_128' title='bbox 569 3478 678 3557; x_wconf 92' lang='lat' dir='ltr'><strong>enim</strong></span> <span class='ocrx_word' id='word_1_129' title='bbox 690 3471 863 3556; x_wconf 88' lang='lat' dir='ltr'><strong>secundo</strong></span> <span class='ocrx_word' id='word_1_130' title='bbox 880 3475 968 3588; x_wconf 87' lang='lat' dir='ltr'><strong>post</strong></span> <span class='ocrx_word' id='word_1_131' title='bbox 988 3467 1191 3555; x_wconf 89' lang='lat' dir='ltr'><strong>Christum</strong></span> <span class='ocrx_word' id='word_1_132' title='bbox 1210 3499 1360 3558; x_wconf 85' lang='lat' dir='ltr'><strong>natum</strong></span> 
     </span>
     <span class='ocr_line' id='line_1_27' title="bbox 417 3582 1359 3700; baseline -0.004 -28"><span class='ocrx_word' id='word_1_133' title='bbox 417 3587 568 3672; x_wconf 61' lang='lat' dir='ltr'><strong>uculo·</strong></span> <span class='ocrx_word' id='word_1_134' title='bbox 587 3588 857 3698; x_wconf 91' lang='lat' dir='ltr'><strong>quorumdam</strong></span> <span class='ocrx_word' id='word_1_135' title='bbox 884 3582 1182 3700; x_wconf 82' lang='lat' dir='ltr'><strong>transfugarum</strong></span> <span class='ocrx_word' id='word_1_136' title='bbox 1204 3586 1359 3699; x_wconf 72' lang='lat' dir='ltr'><strong>opera,</strong></span> 
     </span>
     <span class='ocr_line' id='line_1_28' title="bbox 420 3695 1365 3814; baseline 0 -33"><span class='ocrx_word' id='word_1_137' title='bbox 420 3704 492 3814; x_wconf 90' lang='lat' dir='ltr'><strong>qui</strong></span> <span class='ocrx_word' id='word_1_138' title='bbox 506 3701 559 3784; x_wconf 88' lang='lat' dir='ltr'><strong>ad</strong></span> <span class='ocrx_word' id='word_1_139' title='bbox 583 3696 759 3812; x_wconf 88' lang='lat' dir='ltr'><strong>ipsorum</strong></span> <span class='ocrx_word' id='word_1_140' title='bbox 781 3695 909 3782; x_wconf 84' lang='lat' dir='ltr'><strong>castra</strong></span> <span class='ocrx_word' id='word_1_141' title='bbox 927 3696 1190 3806; x_wconf 75' lang='lat' dir='ltr'><strong>defecerant,</strong></span> <span class='ocrx_word' id='word_1_142' title='bbox 1208 3701 1365 3784; x_wconf 71' lang='lat' dir='ltr'><strong>Libros</strong></span> 
     </span>
    </p>
   </div>
   <div class='ocr_carea' id='block_1_7' title="bbox 0 0 1529 4592">
    <p class='ocr_par' dir='ltr' id='par_1_7' title="bbox 0 0 1529 4592">
     <span class='ocr_line' id='line_1_29' title="bbox 0 0 1529 4592; baseline 0 0"><span class='ocrx_word' id='word_1_143' title='bbox 0 0 1529 4592; x_wconf 95' lang='lat' dir='ltr'><strong> </strong></span> 
     </span>
    </p>
   </div>
  </div>
 </body>
</html>
