2956 4558
304 295 530 410 Ecclefiastic.
544 293 713 380 codicum
728 297 1004 402 Conuptoribas.
1029 301 1124 412 ”447

188 411 270 492 dici
281 413 412 490 inerat
426 409 523 490 olim
538 407 654 490 lenio
666 474 678 512 ,
689 416 728 488 δι
739 407 999 522 postmodum
1011 415 1123 498 abra.

192 521 232 604 sa
248 520 332 625 est,
354 521 439 603 haec
461 519 657 604 Custcntii
682 518 836 600 causam
857 522 1033 604 multum
1051 527 1124 608 ad.

190 637 326 747 juvat,
349 660 621 748 magnumque
634 631 693 714 illi
707 636 952 716 audoritatis
967 639 1127 750 pondus

192 747 310 828 addit
327 793 338 852 5
358 773 442 828 non
461 771 598 828 tamen
616 745 729 828 litem
746 744 869 858 plane
891 746 1066 854 decidit,
1081 775 1126 833 ut
1244 841 1250 856 ,

193 858 442 972 intelligetur
461 885 510 943 ex
530 857 620 960 his,
641 881 728 970 quae
747 855 884 972 postea
903 858 1046 944 diduri
1071 861 1128 945 su-

193 999 292 1054 mus.
320 977 360 1054 Si
383 969 480 1052 verd
501 968 650 1052 codicis
674 969 905 1053 emendatio
923 977 1129 1086 antiquior
1197 1045 1199 1052 .

193 1083 278 1188 est,
299 1093 339 1166 &
363 1082 477 1165 illum
496 1081 622 1196 ipsum
652 1084 855 1165 auderem
882 1081 1034 1190 habet,
1060 1090 1132 1198 qui

193 1195 341 1278 librum
361 1198 525 1276 nonita
557 1192 686 1276 multd
712 1192 922 1307 postquam
946 1222 1129 1282 exaratus

194 1307 270 1393 fuit
281 1375 292 1410 ,
304 1311 543 1420 recognovit
560 1315 601 1388 δι
617 1333 710 1388 cum
723 1309 989 1390 anterioribus
1001 1335 1133 1394 exem-

193 1417 369 1532 plaribus
390 1417 584 1500 contulit:
603 1441 651 1500 ea
669 1445 730 1500 res
749 1423 983 1534 opinionem
999 1451 1133 1506 meam
1217 1423 1222 1444 ¹

186 1530 410 1614 confirmat
429 1557 477 1618 ac
494 1529 651 1614 stabilit.
672 1534 822 1642 Neque
836 1537 943 1615 enim
959 1534 1131 1618 credibi-
1169 1617 1171 1624 ,

195 1642 235 1725 le
253 1643 310 1725 est
329 1639 545 1726 studiosum
564 1643 703 1744 illum,
726 1644 749 1724 d
767 1672 850 1755 quo
875 1642 1039 1760 scriptus
1062 1677 1130 1730 co·
1162 1652 1169 1660 '

194 1755 275 1838 dex
288 1758 517 1869 recognitus
529 1753 657 1858 est,&
676 1755 700 1836 d
719 1754 890 1837 Librarii
899 1758 1129 1842 mendisre-

193 1891 410 1980 purgatus,
427 1867 630 1948 induciam
655 1867 679 1946 :i
704 1865 889 1950 Librario
917 1868 1130 1965 lechonem

195 2005 240 2060 re
268 1979 499 2060 udiaturum
518 1975 650 2082 fuiffe,
669 1977 741 2058 nisi
757 1977 936 2094 inspeciis
951 1988 1128 2066 anterio-

196 2003 304 2172 ridus
315 2089 607 2205 exemplaribus
626 2089 859 2176 mendosam
878 2091 954 2176 effe
966 2120 1143 2210 compe·⁴

193 2197 310 2286 riffet.
330 2207 434 2319 Quae
450 2229 513 2286 res
532 2202 632 2286 siitc
645 2199 685 2285 se
701 2199 867 2308 habuit,
883 2204 1128 2322 consequens

194 2315 250 2398 est
265 2312 397 2429 priscis
411 2318 492 2427 jam
509 2339 594 2398 tum
610 2311 755 2398 saecuiis
773 2311 882 2400 fuine
893 2319 1131 2429 judicatum,

196 2427 408 2510 iedionem
435 2428 546 2510 illam
565 2429 783 2534 adoptatur,
812 2426 951 2520 falsam
982 2440 1022 2516 δι
1048 2431 1132 2550 spu-

196 2542 295 2618 riam
307 2605 318 2642 ,
332 2539 438 2620 hanc
457 2540 554 2621 verd
567 2541 763 2642 adoratur,
784 2540 983 2634 sincerem„
993 2543 1067 2630 effe
1083 2575 1133 2630 ac

198 2657 425 2762 genuinam.
446 2651 522 2732 Sed
545 2654 735 2760 quoniam
760 2649 917 2732 definiri
948 2681 1032 2735 non
1056 2684 1130 2770 po.

198 2757 295 2864 test,
315 2788 493 2872 quonam
513 2767 751 2873 tempore&
769 2761 878 2870 cujus
896 2767 1132 2876 operdfada

108 2901 109 2904 ‘
196 2873 319 2956 fuerit
336 2874 655 2977 emendatio,an
675 2871 777 2954 illius
791 2877 859 2985 qui
877 2874 981 2958 istud
994 2901 1139 2962 exem·

197 2985 286 3099 piar
304 3013 396 3068 cum
416 2985 501 3068 aliis
517 2982 555 3068 se
570 2983 776 3068 contuliiie
797 2983 987 3093 testatur,
1006 3019 1059 3074 an
1077 2995 1133 3076 al-

198 3101 318 3181 terius
333 3167 345 3204 ,
363 3103 433 3211 qui
462 3122 581 3181 aetate
607 3096 654 3180 fit
679 3097 901 3211 posterior:
923 3102 1049 3186 nolim
1077 3107 1131 3188 ad

196 3209 318 3292 causae
342 3238 440 3293 meae
465 3207 737 3294 defenfionem
768 3235 853 3294 tam
881 3218 1039 3298 incerto
1071 3223 1129 3302 uti

196 3348 448 3436 argumento.
565 3421 569 3428 .
986 3413 988 3416 ,

254 3436 438 3518 Secundd
461 3439 583 3550 igitur
610 3431 924 3542 observandum,
945 3441 1126 3526 codicem

198 3547 306 3630 hunc
324 3553 567 3634 Vaticanum
586 3577 667 3642 non
687 3547 787 3630 mihi
807 3551 932 3633 videri
952 3577 1034 3633 tam
1056 3585 1126 3638 an-

197 3664 354 3774 tiquum
370 3729 382 3766 ,
399 3659 519 3774 quim
541 3659 663 3774 vulgd
682 3660 884 3766 creditur,
904 3663 971 3746 etsi
993 3667 1126 3752 nullus
